@article{Breiman2001,
  author =       {Breiman, Leo},
  title =        {Random Forests},
  journaltitle = {Machine Learning},
  year =         2001,
  volume =       45,
  number =       1,
  pages =        {5--32},
  doi =          {10.1023/A:1010933404324},
}

@inproceedings{Chakravarthy2006CDN,
  author =       {Chakravarthy, Sharma and Hara, Subramanian C Hari},
  title =        {Automating Change Detection and Notification of Web
                  Pages},
  booktitle =    {Database and Expert Systems Applications},
  year =         2006,
  pages =        {465--469},
  organization = {IEEE},
  doi =          {10.1109/DEXA.2006.34},
}

@inproceedings{WallachMSM09,
  author =       {Wallach, Hanna M. and Murray, Iain and
                  Salakhutdinov, Ruslan and David M. Mimno},
  title =        {Evaluation methods for topic models},
  booktitle =    {International Conference on Machine Learning},
  year =         2009,
  editor =       {Danyluk, Andrea Pohoreckyj and Bottou, Léon and
                  Littman, Michael L.},
  volume =       382,
  pages =        {1105--1112},
  publisher =    {ACM},
  doi =          {10.1145/1553374.1553515},
  year =         2009,
}

@article{KM58,
  author =       {Kaplan, Edward L. and Meier, Paul},
  title =        {Nonparametric Estimation from Incomplete
                  Observations},
  journaltitle = {Journal of the American Statistical Association},
  year =         1958,
  volume =       53,
  pages =        {457--481},
  url =          {https://www.jstor.org/stable/2281868},
}

@inproceedings{SC:USENIXSec14,
  author =       {Soska, Kyle and Christin, Nicolas},
  title =        {Automatically Detecting Vulnerable Websites Before
                  They Turn Malicious},
  booktitle =    {USENIX Security Symposium},
  year =         2014,
  pages =        {625--640},
  url =          {https://www.usenix.org/system/files/conference/usenixsecurity14/sec14-paper-soska.pdf},
}

@inproceedings{Xie15Diversify,
  author =       {Xie, Pengtao and Deng, Yuntian and Xing, Eric},
  title =        {Diversifying Restricted Boltzmann Machine for
                  Document Modeling},
  booktitle =    {Knowledge Discovery and Data Mining},
  year =         2015,
  pages =        {1315--1324},
  organization = {ACM},
  doi =          {10.1145/2783258.2783264},
}

@inproceedings{aase2012whiskey,
  author =       {Aase, Nicholas and Crandall, Jedidiah R. and Díaz,
                  Álvaro and Knockel, Jeffrey and Molinero, Jorge
                  Ocaña and Saia, Jared and Wallach, Dan and Zhu, Tao},
  title =        {Whiskey, Weed, and Wukan on the World Wide Web: On
                  Measuring Censors' Resources and Motivations},
  booktitle =    {Free and Open Communications on the Internet},
  year =         2012,
  organization = {USENIX},
  url =          {https://www.usenix.org/system/files/conference/foci12/foci12-final17.pdf},
}

@inproceedings{ahmed2015around,
  author =       {Ahmed, Sarker Tanzir and Sparkman, Clint and Lee,
                  Hsin-Tsang and Loguinov, Dmitri},
  title =        {Around the Web in Six Weeks: Documenting a
                  Large-Scale Crawl},
  booktitle =    {INFOCOM},
  year =         2015,
  pages =        {1598--1606},
  organization = {IEEE},
  url =          {http://irl.cse.tamu.edu/people/tanzir/papers/infocom2015a.pdf},
}

@article{anderson2012cn.splinternet,
  author =       {Anderson, Daniel},
  title =        {Splinternet Behind the Great Firewall of China},
  journaltitle = {ACM Queue},
  year =         2012,
  volume =       10,
  number =       11,
  url =          {http://queue.acm.org/detail.cfm?id=2405036},
}

@inproceedings{anderson2014.ripe,
  author =       {Anderson, Collin and Winter, Philipp and Roya},
  title =        {Global Network Interference Detection over the RIPE
                  Atlas Network},
  booktitle =    {Free and Open Communications on the Internet},
  year =         2014,
  organization = {USENIX},
  url =          {https://www.usenix.org/system/files/conference/foci14/foci14-anderson.pdf},
}

@misc{anh.2012.dongdu,
  author =       {Anh, Luu Tuan and Yamamoto, Kazuhide},
  title =        {DongDu --- Vietnamese Word Segmenter},
  howpublished = {Software library},
  year =         2012,
  url =          {http://eng.jnlp.org/dongdu},
}

@inproceedings{aryan2013ir.first,
  author =       {Aryan, Simurgh and Aryan, Homa and Halderman,
                  J. Alex},
  title =        {Internet Censorship in Iran: A First Look},
  booktitle =    {Free and Open Communications on the Internet},
  year =         2013,
  organization = {USENIX},
  url =          {https://www.usenix.org/system/files/conference/foci13/foci13-aryan.pdf},
}

@inproceedings{baryossef.2002.template,
  author =       {Bar-Yossef, Ziv and Rajagopalan, Sridhar},
  title =        {Template Detection via Data Mining and Its
                  Applications},
  booktitle =    {World Wide Web},
  year =         2002,
  pages =        {580--591},
  publisher =    {ACM},
  doi =          {10.1145/511446.511522},
  numpages =     12,
}

@misc{berkman.nd.herdict,
  author =       {{Berkman Center for Internet and Society}},
  title =        {Herdict: help spot web blockages},
  howpublished = {Web site},
  url =          {https://www.herdict.org/},
}

@article{biemann2013scalable,
  author =       {Biemann, Chris and Bildhauer, Felix and Evert,
                  Stefan and Goldhahn, Dirk and Quasthoff, Uwe and
                  Schäfer, Roland and Simon, Johannes and Swiezinski,
                  Leonard and Zesch, Torsten},
  title =        {Scalable Construction of High-Quality Web Corpora},
  journaltitle = {Journal for Language Technology and Computational
                  Linguistics},
  year =         2013,
  volume =       28,
  number =       2,
  pages =        {23--59},
  url =          {http://www.jlcl.org/2013_Heft2/2Biemann.pdf},
}

@book{bird.2009.nltk,
  author =       {Bird, Steven and Loper, Edward and Klein, Ewan},
  title =        {Natural Language Processing with Python},
  publisher =    {O'Reilly Media Inc.},
  year =         2009,
  url =          {http://www.nltk.org/},
}

@inproceedings{burnett2015.encore,
  author =       {Burnett, Sam and Feamster, Nick},
  title =        {Encore: Lightweight Measurement of Web Censorship
                  with Cross-Origin Requests},
  booktitle =    {SIGCOMM},
  year =         2015,
  organization = {ACM},
  url =          {http://conferences.sigcomm.org/sigcomm/2015/pdf/papers/p653.pdf},
}

@inproceedings{chaabane.2014.syria,
  author =       {Chaabane, Abdelberi and Chen, Terence and Cunche,
                  Mathieu and De Cristofaro, Emiliano and Friedman,
                  Arik and Kaafar, Mohamed Ali},
  title =        {Censorship in the Wild: Analyzing Internet
                  Filtering in Syria},
  booktitle =    {Internet Measurement Conference},
  year =         2014,
  organization = {ACM},
  url =          {http://conferences2.sigcomm.org/imc/2014/papers/p285.pdf},
}

@inproceedings{chinese_segmenter,
  author =       {Chang, Pi-Chuan and Galley, Michel and Manning,
                  Christopher D},
  title =        {Optimizing Chinese Word Segmentation for Machine
                  Translation Performance},
  booktitle =    {Statistical Machine Translation},
  year =         2008,
  pages =        {224--232},
  organization = {Association for Computational Linguistics},
  url =          {http://statmt.org/wmt08/pdf/WMT36.pdf},
}

@inproceedings{clayton2006cn.ignore,
  author =       {Clayton, Richard and Murdoch, Steven J. and Watson,
                  Robert N. M.},
  title =        {Ignoring the Great Firewall of China},
  booktitle =    {Privacy Enhancing Technologies},
  year =         2006,
  pages =        {20--35},
  doi =          {10.1007/11957454_2},
  eprint =       {clayton:pet2006},
  eprinttype =   {anonbib},
}

@misc{commoncrawl,
  author =       {{The Common Crawl Foundation}},
  title =        {Common Crawl},
  howpublished = {Web site},
  url =          {http://commoncrawl.org},
}

@inproceedings{crandall2007.conceptdoppler,
  author =       {Crandall, Jedidiah R. and Zinn, Daniel and Byrd,
                  Michael and Barr, Earl and East, Rich},
  title =        {ConceptDoppler: A Weather Tracker for Internet
                  Censorship},
  booktitle =    {Computer and Communications Security},
  year =         2007,
  organization = {ACM},
  url =
                  {http://www.cs.unm.edu/~crandall/concept_doppler_ccs07.pdf},
}

@inproceedings{dalek2013.url.filtering,
  author =       {Dalek, Jakub and Haselton, Bennett and Noman, Helmi
                  and Senft, Adam and Crete-Nishihata, Masashi and
                  Gill, Phillipa and Deibert, Ronald J.},
  title =        {A Method for Identifying and Confirming the Use of
                  URL Filtering Products for Censorship},
  booktitle =    {Internet Measurement Conference},
  year =         2013,
  pages =        {23--30},
  organization = {ACM},
  doi =          {10.1145/2504730.2504763},
  url =          {http://www3.cs.stonybrook.edu/~phillipa/papers/imc112s-dalek.pdf},
}

@inproceedings{dischinger2010.diffserv,
  author =       {Dischinger, Marcel and Marcon, Massimiliano and
                  Guha, Saikat and Gummadi, Krishna P. and Mahajan,
                  Ratul and Saroiu, Stefan},
  title =        {Glasnost: Enabling End Users to Detect Traffic
                  Differentiation},
  booktitle =    {Networked Systems Design and Implementation},
  year =         2010,
  organization = {USENIX},
  url =          {https://www.usenix.org/legacy/events/nsdi10/tech/full_papers/dischinger.pdf},
}

@inproceedings{duo_lignual_lda_2009,
  author =       {Boyd-Graber, Jordan L. and Blei, David M.},
  title =        {Multilingual Topic Models for Unaligned Text},
  booktitle =    {Uncertainty in Artificial Intelligence},
  year =         2009,
  editor =       {Bilmes, Jeff A. and Ng, Andrew Y.},
  pages =        {75--82},
  publisher =    {AUAI Press},
  year =         2009,
  url =          {http://uai.sis.pitt.edu/displayArticleDetails.jsp?mmnu=1&smnu=2&article_id=1644&proceeding_id=25},
}

@inproceedings{evert.2008.ncleaner,
  author =       {Evert, Stefan},
  title =        {A lightweight and efficient tool for cleaning Web
                  pages},
  booktitle =    {International Conference on Language Resources and
                  Evaluation},
  year =         2008,
  publisher =    {European Language Resources Association (ELRA)},
  url =          {http://www.lrec-conf.org/proceedings/lrec2008/summaries/885.html},
}

@inproceedings{filasto2012.ooni,
  author =       {Filastò, Arturo and Appelbaum, Jacob},
  title =        {OONI: Open Observatory of Network Interference},
  booktitle =    {Free and Open Communications on the Internet},
  year =         2012,
  organization = {USENIX},
  url =          {https://www.usenix.org/conference/foci12/workshop-program/presentation/filast%C3%B2},
}

@article{gallagher.2012.budget-bb,
  author =       {Gallagher, Sean},
  title =        {Big Brother on a budget: How Internet surveillance
                  got so cheap},
  journaltitle = {Ars Technica},
  year =         2012,
  url =          {http://arstechnica.com/information-technology/2012/09/big-brother-meets-big-data-the-next-wave-in-net-surveillance-tech/},
}

@article{gill.2015.worldwide,
  author =       {Gill, Phillipa and Crete-Nishihata, Masashi and
                  Dalek, Jakub and Goldberg, Sharon and Senft, Adam
                  and Wiseman, Greg},
  title =        {Characterizing Web Censorship Worldwide: Another
                  Look at the OpenNet Initiative Data},
  journaltitle = {ACM Transactions on the Web},
  year =         2015,
  volume =       9,
  number =       1,
  doi =          {10.1145/2700339},
  url =          {http://spin2013.cs.sunysb.edu/~phillipa/papers/TWeb.pdf},
}

@misc{google.nd.translation-api,
  author =       {{Google Inc.}},
  title =        {Translate API},
  howpublished = {Web service},
  url =          {https://cloud.google.com/translate/},
}

%% AFAIK there is no official way to express legal citations in BibTeX-ese.
%% The below is an abuse of @incollection, series=, and year=, but it produces
%% a reasonable approximation to the Blue Book format in the rendered PDF, and
%% it's not like anyone's going to be trying to pull semantics back out of this
%% file, anyway.
@incollection{gratz.2015.dmca,
  author =       {Gratz, Joseph C. and Ammori, Marvin and Ammori,
                  Lavon},
  title =        {Brief of {\textit{amici curiae}} Automattic Inc.;
                  Google Inc.; Twitter Inc.; and Tumblr, Inc},
  booktitle =    {Lenz v. Universal Music},
  year =         {(9th Cir. 2015)},
  series =       {801 F.3d 1126},
  url =          {https://www.eff.org/files/2013/12/17/048_automattic_google_twitter_tumblr_amicus_brief_12.13.13.pdf},
}

@article{henrich2010weird,
  author =       {Henrich,Joseph and Heine,Steven J. and
                  Norenzayan,Ara},
  title =        {The weirdest people in the world?},
  journaltitle = {Behavioral and Brain Sciences},
  year =         2010,
  volume =       33,
  number =       {2--3},
  pages =        {61--83},
  month =        6,
  doi =          {10.1017/S0140525X0999152X},
  url =          {http://www2.psych.ubc.ca/~anlab/Manuscripts/Weird_People_BBS_Henrichetal_FullPackage.pdf},
}

@misc{ia.nd.wayback,
  author =       {{Internet Archive}},
  title =        {Wayback Machine},
  howpublished = {Web service},
  url =          {https://archive.org/web/web.php},
}

@inproceedings{jones.2014.blockpages,
  author =       {Jones, Ben and Lee, Tzu-Wen and Feamster, Nick and
                  Gill, Phillipa},
  title =        {Automated Detection and Fingerprinting of
                  Censorship Block Pages},
  booktitle =    {Internet Measurement Conference},
  year =         2014,
  organization = {ACM},
  url =          {http://conferences2.sigcomm.org/imc/2014/papers/p299.pdf},
}

@inproceedings{khattak.2014.isp,
  author =       {Khattak, Sheharbano and Javed, Mobin and Khayam,
                  Syed Ali and Uzmi, Zartash Afzal and Paxson, Vern},
  title =        {A Look at the Consequences of Internet Censorship
                  Through an ISP Lens},
  booktitle =    {Internet Measurement Conference},
  year =         2014,
  organization = {ACM},
  url =          {http://conferences2.sigcomm.org/imc/2014/papers/p271.pdf},
}

@inproceedings{knockel.2011.skype,
  author =       {Knockel, Jeffrey and Crandall, Jedidiah R and Saia,
                  Jared},
  title =        {Three Researchers, Five Conjectures: An Empirical
                  Analysis of TOM-Skype Censorship and Surveillance},
  booktitle =    {Free and Open Communications on the Internet},
  year =         2011,
  organization = {USENIX},
  url =          {http://static.usenix.org/events/foci11/tech/final_files/Knockel.pdf},
}

@article{lda_distributed_2009,
  author =       {Newman, David and Asuncion, Arthur U. and Smyth,
                  Padhraic and Welling, Max},
  title =        {Distributed Algorithms for Topic Models},
  journaltitle = {Journal of Machine Learning Research},
  year =         2009,
  volume =       10,
  pages =        {1801--1828},
  doi =          {10.1145/1577069.1755845},
  url =          {http://doi.acm.org/10.1145/1577069.1755845},
}

@article{lda_original2003,
  author =       {Blei, David M. and Ng, Andrew Y. and Jordan, Michael I.},
  title =        {Latent Dirichlet Allocation},
  journaltitle = {Journal of Machine Learning Research},
  year =         2003,
  volume =       3,
  pages =        {993--1022},
  url =          {http://www.jmlr.org/papers/v3/blei03a.html},
}

@inproceedings{lda_sparse_2009,
  author =       {Yao, Limin and Mimno, David M. and McCallum, Andrew},
  title =        {Efficient methods for topic model inference on
                  streaming document collections},
  booktitle =    {Knowledge Discovery and Data Mining},
  year =         2009,
  editor =       {Elder, IV, John F. and Fogelman-Soulié, Françoise
                  and Flach, Peter A. and Zaki, Mohammed Javeed},
  pages =        {937--946},
  publisher =    {ACM},
  doi =          {10.1145/1557019.1557121},
}

@misc{libthai.2001,
  author =       {Karoonboonyanan, Theppitak and Kiatisevi, Pattara
                  and Ampornaramveth, Vuthichai and Veerathanabutr,
                  Poonlap and Silpa-Anan, Chanop},
  title =        {LibThai},
  howpublished = {Software library},
  year =         {2001--2013},
  url =          {http://linux.thai.net/projects/libthai},
}

@article{lin2012combining,
  author =       {Lin, Shuang and Chen, Jie and Niu, Zhendong},
  title =        {Combining a Segmentation-Like Approach and a
                  Density-Based Approach in Content Extraction},
  year =         2012,
  volume =       17,
  number =       3,
  pages =        {256--264},
  doi =          {10.1109/TST.2012.6216755},
  journaltitle = {Tsinghua Science and Technology},
}

@misc{mccallum2002mallet,
  author =       {McCallum, Andrew K},
  title =        {\{MALLET: A Machine Learning for Language
                  Toolkit\}},
  howpublished = {Software library},
  year =         2002,
  url =          {http://mallet.cs.umass.edu/},
}

@inproceedings{mecab_jp_segmenter,
  author =       {Kudo, Taku and Yamamoto, Kaoru and Matsumoto, Yuji},
  title =        {Applying Conditional Random Fields to Japanese
                  Morphological Analysis},
  booktitle =    {Empirical Methods in Natural Language Processing},
  year =         2004,
  pages =        {230--237},
  publisher =    {ACL},
  url =          {http://chasen.org/~taku/publications/emnlp2004-2.pdf},
}

@article{monroe.2014.arabic,
  author =       {Monroe, Will and Green, Spence and Manning,
                  Christopher D.},
  title =        {Word Segmentation of Informal Arabic with Domain
                  Adaptation},
  journaltitle = {ACL Short Papers},
  year =         2014,
  url =          {http://nlp.stanford.edu/pubs/monroe-green-manning-acls2014.pdf},
}

@inproceedings{nabi2013pk.anatomy,
  author =       {Nabi, Zubair},
  title =        {The Anatomy of Web Censorship in Pakistan},
  booktitle =    {Free and Open Communications on the Internet},
  year =         2013,
  organization = {USENIX},
  url =          {https://www.usenix.org/conference/foci13/workshop-program/presentation/nabi},
}

@article{nabi2014.futile,
  author =       {Nabi, Zubair},
  title =        {Censorship is Futile},
  journaltitle = {First Monday},
  year =         2014,
  volume =       19,
  number =       11,
  url =          {http://firstmonday.org/ojs/index.php/fm/article/view/5525/4155},
}

@misc{oni.nd.profiles,
  author =       {{The OpenNet Initiative}},
  title =        {ONI Country Profiles},
  howpublished = {Web site},
  url =          {https://opennet.net/research/profiles},
}

@misc{oni.nd.testlists,
  author =       {{The OpenNet Initiative}},
  title =        {URL testing lists},
  howpublished = {Git repository},
  url =          {https://github.com/citizenlab/test-lists/},
}

@misc{oni.thailand,
  author =       {{The OpenNet Initiative}},
  title =        {Country profiles: Thailand},
  howpublished = {Web report},
  year =         2012,
  url =          {https://opennet.net/research/profiles/thailand},
}

@misc{oni.usa,
  author =       {{The OpenNet Initiative}},
  title =        {United States and Canada Overview [of Censorship]},
  howpublished = {Web report},
  url =          {https://opennet.net/research/regions/namerica},
}

@book{oni2008denied,
  editor =       {Deibert, Ronald and Palfrey, John and Rohozinski,
                  Rafal and Zittrain, Jonathan},
  title =        {Access Denied: The Practice and Policy of Global
                  Internet Filtering},
  publisher =    {MIT Press},
  year =         2008,
  number =       1,
  series =       {ONI Access},
  isbn =         {0-262-54196-3},
  url =          {http://access.opennet.net/denied/},
}

@book{oni2010controlled,
  editor =       {Deibert, Ronald and Palfrey, John and Rohozinski,
                  Rafal and Zittrain, Jonathan},
  title =        {Access Controlled: The Shaping of Power, Rights,
                  and Rule in Cyberspace},
  publisher =    {MIT Press},
  year =         2010,
  number =       2,
  series =       {ONI Access},
  isbn =         {0-262-51435-4},
  url =          {http://access.opennet.net/controlled/},
}

@book{oni2011contested,
  editor =       {Deibert, Ronald and Palfrey, John and Rohozinski,
                  Rafal and Zittrain, Jonathan},
  title =        {Access Contested: Security, Identity, and
                  Resistance in Asian Cyberspace},
  publisher =    {MIT Press},
  year =         2011,
  number =       3,
  series =       {ONI Access},
  isbn =         {0-262-01678-8},
  url =          {http://access.opennet.net/controlled/},
}

@inproceedings{park2010cn.filter,
  author =       {Park, Jong Chun and Crandall, Jedidiah R.},
  title =        {Empirical Study of a National-Scale Distributed
                  Intrusion Detection System: Backbone-Level Filtering
                  of HTML Responses in China},
  booktitle =    {Distributed Computing Systems},
  year =         2010,
  pages =        {315--326},
  organization = {IEEE},
  url =          {http://iar.cs.unm.edu/~crandall/icdcs2010.pdf},
}

@misc{phantomjs.nd,
  author =       {Hidayat, Ariya and others},
  title =        {PhantomJS},
  howpublished = {Software application},
  url =          {http://phantomjs.org/},
}

@inproceedings{polylingual_lda_2009,
  author =       {Mimno, David M. and Wallach, Hanna M. and
                  Naradowsky, Jason and Smith, David A. and McCallum,
                  Andrew},
  title =        {Polylingual Topic Models},
  booktitle =    {Empirical Methods in Natural Language Processing},
  year =         2009,
  pages =        {880--889},
  publisher =    {ACL},
  url =          {http://www.aclweb.org/anthology/D09-1092},
}

@incollection{porter_stemmer_1997,
  author =       {Porter, M. F.},
  title =        {An Algorithm for Suffix Stripping},
  booktitle =    {Readings in Information Retrieval},
  publisher =    {Morgan Kaufmann},
  year =         1997,
  editor =       {Sparck Jones, Karen and Willett, Peter},
  pages =        {313--316},
  isbn =         {1-55860-454-5},
  location =     {San Francisco},
  numpages =     4,
  url =          {http://dl.acm.org/citation.cfm?id=275537.275705},
}

@misc{readability.nd,
  title =        {Readability},
  howpublished = {Web service},
  url =          {https://readability.com/about},
}

@article{richardson2002us.health,
  author =       {Richardson, Caroline R. and Resnick, Paul J. and
                  Hansen, Derek L. and Derry, Holly A. and Rideout,
                  Victoria J.},
  title =        {Does Pornography-Blocking Software Block Access to
                  Health Information on the Internet?},
  journaltitle = {The Journal of the American Medical Association},
  year =         2002,
  volume =       288,
  number =       22,
  pages =        {2887--2894},
  doi =          {10.1001/jama.288.22.2887},
}

@article{robertson2004.tf.idf,
  author =       {Robertson, Stephen},
  title =        {Understanding inverse document frequency: on
                  theoretical arguments for IDF},
  journaltitle = {Journal of Documentation},
  year =         2004,
  volume =       60,
  number =       5,
  pages =        {503--520},
  doi =          {10.1108/00220410410560582},
}

@inproceedings{sfakianakis2011.censmon,
  author =       {Sfakianakis, Andreas and Athanasopoulos, Elias and
                  Ioannidis, Sotiris},
  title =        {CensMon: A Web Censorship Monitor},
  booktitle =    {Free and Open Communications on the Internet},
  year =         2011,
  organization = {USENIX},
  url =          {https://www.usenix.org/legacy/event/foci11/tech/final_files/Sfakianakis.pdf},
}

@misc{sites.2013.cld2,
  author =       {Sites, Dick},
  title =        {Compact Language Detection 2},
  howpublished = {Software library},
  year =         {2013--},
  url =          {https://code.google.com/p/cld2/},
}

@article{subramanian.2011.survey,
  author =       {Subramanian, Ramesh},
  title =        {The Growth of Global Internet Censorship and
                  Circumvention: A Survey},
  journaltitle = {Communications of the IIMA},
  year =         2011,
  volume =       11,
  number =       2,
  url =          {http://scholarworks.lib.csusb.edu/ciima/vol11/iss2/6/},
}

@inproceedings{sun.2011.dombased,
  author =       {Sun, Fei and Song, Dandan and Liao, Lejian},
  title =        {DOM Based Content Extraction via Text Density},
  booktitle =    {Research and Development in Information Retrieval},
  year =         2011,
  pages =        {245--254},
  publisher =    {ACM},
  doi =          {10.1145/2009916.2009952},
  url =          {http://www.ofey.me/papers/cetd-sigir11.pdf},
}

@inproceedings{szurdi2014long,
  author =       {Szurdi, Janos and Kocso, Balazs and Cseh, Gabor and
                  Spring, Jonathan and Felegyhazi, Mark and Kanich,
                  Chris},
  title =        {The Long “Taile” of Typosquatting Domain Names},
  booktitle =    {USENIX Security Symposium},
  year =         2014,
  pages =        {191--206},
  url =          {https://www.usenix.org/system/files/conference/usenixsecurity14/sec14-paper-szurdi.pdf},
}

@inproceedings{verkamp2012.mechanics,
  author =       {Verkamp, John-Paul and Gupta, Minaxi},
  title =        {Inferring Mechanics of Web Censorship Around the
                  World},
  booktitle =    {Free and Open Communications on the Internet},
  year =         2012,
  organization = {USENIX},
  url =          {https://www.usenix.org/conference/foci12/workshop-program/presentation/verkamp},
}

@inproceedings{vissers2015parking,
  author =       {Vissers, Thomas and Joosen, Wouter and Nikiforakis,
                  Nick},
  title =        {Parking Sensors: Analyzing and Detecting Parked
                  Domains},
  booktitle =    {Network and Distributed System Security Symposium},
  year =         2015,
  organization = {Internet Society},
  url =          {http://www.internetsociety.org/sites/default/files/01_2_2.pdf},
}

@inproceedings{wang2011cloak,
  author =       {Wang, David Y. and Savage, Stefan and Voelker,
                  Geoffrey M.},
  title =        {Cloak and Dagger: Dynamics of Web Search Cloaking},
  booktitle =    {Computer and Communications Security},
  year =         2011,
  pages =        {477--490},
  organization = {ACM},
  url =          {http://cseweb.ucsd.edu/~voelker/pubs/cloaking-ccs11.pdf},
}

@inproceedings{wright2011.finegrain,
  author =       {Wright, Joss and de Souza, Tulio and Brown, Ian},
  title =        {Fine-Grained Censorship Mapping: Information
                  Sources, Legality and Ethics},
  booktitle =    {Free and Open Communications on the Internet},
  year =         2011,
  organization = {USENIX},
  url =          {https://www.usenix.org/legacy/event/foci11/tech/final_files/Wright.pdf},
}

@article{wright2014cn.regional,
  author =       {Wright, Joss},
  title =        {Regional Variation in Chinese Internet Filtering},
  journaltitle = {Information, Communication \& Society},
  year =         2014,
  volume =       17,
  number =       1,
  pages =        {121--141},
  doi =          {10.1080/1369118X.2013.853818},
  url =          {http://ssrn.com/abstract=2265775},
}

@inproceedings{xu2011cn.where,
  author =       {Xu, Xueyang and Mao, Z. Morley and Halderman,
                  J. Alex},
  title =        {Internet Censorship in China: Where Does the
                  Filtering Occur?},
  booktitle =    {Passive and Active Measurement},
  year =         2011,
  pages =        {133--142},
  url =          {http://pam2011.gatech.edu/papers/pam2011--Xu.pdf},
}

@incollection{yasseri.2014.wikipedia,
  author =       {Yasseri, Taha and Spoerri, Anselm and Graham, Mark
                  and Kertész, János},
  title =        {The Most Controversial Topics in Wikipedia: A
                  multilingual and geographical analysis},
  booktitle =    {Global Wikipedia: International and cross-cultural
                  issues in online collaboration},
  publisher =    {Rowman \& Littlefield},
  year =         2014,
  editor =       {Fichman, Pnina and Hara, Noriko},
  eprint =       {1305.5566},
  eprintclass =  {cs.CL},
  eprinttype =   {arxiv},
  isbn =         {0-8108-9101-8},
}

@inproceedings{zhu2013cn.velocity,
  author =       {Zhu, Tao and Phipps, David and Pridgen, Adam and
                  Crandall, Jedidiah R. and Wallach, Dan S.},
  title =        {The Velocity of Censorship: High-Fidelity Detection
                  of Microblog Post Deletions},
  booktitle =    {USENIX Security Symposium},
  year =         2013,
  pages =        {227--240},
  organization = {USENIX},
  url =          {https://www.usenix.org/conference/usenixsecurity13/technical-sessions/paper/zhu},
}

