@InProceedings{securecontentsniffing,
  author = {Adam Barth and Juan Caballero and Dawn Song},
  title = {Secure Content Sniffing for Web Browsers, or How to Stop Papers from Reviewing Themselves},
  booktitle = {Proceedings of the IEEE Symposium on Security and Privacy},
  month = {May},
  year = 2009
}

@Misc{mozillasameorigin,
  author =  {Jesse Ruderman},
  title = {{JavaScript Security: Same Origin}},
  note = {http://www.mozilla.org/projects/security/components/same-origin.html},
}

@Misc{nosniff,
  author =  {Eric Lawrence},
  title = {{IE8 Security Part V: Comprehensive Protection}},
  note = {http://blogs.msdn.com/ie/archive/2008/07/02/ie8-security-part-v-comprehensive-protection.aspx},
}

@Misc{cssxss,
  author =  {ofk},
  title = {{CSSXSS}},
  note = {http://d.hatena.ne.jp/ofk/20081111/1226407593},
}

@InProceedings{gazelle,
  author =  {Helen J. Wang and Chris Grier and Alexander Moshchuk and Samuel T. King and Piali Choudhury and Herman Venter},
  title = {{The Multi-Principal OS Construction of the Gazelle Web Browser}},
  booktitle = {Proceedings of the 18th USENIX Security Symposium},
  month = {August},
  year = 2009
}

@Misc{css,
  author =  {W3C},
  title = {{Cascading Style Sheets}},
  note = {http://www.w3.org/Style/CSS/},
}

@Misc{dom,
  author =  {W3C},
  title = {{Document Object Model}},
  note = {http://www.w3.org/DOM/},
}

@Misc{handbook,
  author =  {Michal Zalewski},
  title = {{Browser Security Handbook}},
  note = {http://code.google.com/p/browsersec/wiki/Main},
}

@Misc{mime,
  author =  {N. Freed and N. Borenstein},
  title = {{Multipurpose Internet Mail Extensions (MIME) Part One: Format of Internet Message Bodies}},
  note = {http://tools.ietf.org/html/rfc2045},
}