@Article{ackerman2013lavabit,
  author =       {Ackerman, Spencer},
  title =        {{Lavabit email service abruptly shut down citing
                  government interference}},
  journal =      {The Guardian},
  year =         2013,
  month =        {August},
  url =          {http://www.theguardian.com/technology/2013/aug/08/lavabit-email-shut-down-edward-snowden}
}

@inproceedings{duong2012crime,
  author =       {Rizzo, Juliano and Duong, Thai},
  title =        {{The CRIME attack}},
  booktitle =    {ekoparty security conference},
  year =         2012,
  url =          {http://www.ekoparty.org/archive/2012/CRIME_ekoparty2012.pdf}
}

@Misc{felten2013decl,
  author =       {Felten, Edward W.},
  title =        {{ACLU v. Clapper}},
  subtitle =     {(Felten Decl.)},
  howpublished = {Southern District of New York, 1:2013cv03994},
  year =         2013,
  url =          {https://ia601803.us.archive.org/22/items/gov.uscourts.nysd.413072/gov.uscourts.nysd.413072.27.0.pdf}
}

@inproceedings{gluck2013breach,
  author =       {Gluck, Yoel and Harris, Neal and Prado, Angelo},
  title =        {{BREACH: Reviving the CRIME Attack}},
  booktitle =    {Black Hat},
  year =         2013,
  url =          {https://www.blackhat.com/us-13/archives.html#Prado}
}

@collection{greenwald2013nsa,
  title =        {{The NSA Files}},
  year =         {2013--},
  editor =       {Greenwald, Glen and others},
  publisher =    {The Guardian},
  url =          {http://www.theguardian.com/world/the-nsa-files}
}

@article{hopper2009provably,
  title =        {Provably secure steganography},
  author =       {Hopper, Nicholas and von Ahn, Luis and Langford,
                  John},
  journal =      {IEEE Transactions on Computers},
  volume =       58,
  number =       5,
  pages =        {662--676},
  year =         2009,
  publisher =    {IEEE},
  eprint =       {10.1.1.153.7785},
  eprinttype =   {citeseer}
}

@article {jia2013blind,
  author =       {Jia, Weijia and Tso, Fung Po and Ling, Zhen and Fu,
                  Xinwen and Xuan, Dong and Yu, Wei},
  title =        {Blind detection of spread spectrum flow watermarks},
  journal =      {Security and Communication Networks},
  volume =       6,
  number =       3,
  publisher =    {John Wiley & Sons, Ltd},
  issn =         {1939-0122},
  eprint =       {10.1.1.156.4883},
  eprinttype =   {citeseer},
  doi =          {10.1002/sec.540},
  pages =        {257--274},
  year =         2013,
}

@book{kahn1967codebreakers,
  author =       {David Kahn},
  title =        {{The Codebreakers: The Story of Secret Writing}},
  publisher =    {Macmillan},
  year =         1967,
  address =      {New York}
}

@article{pickholtz1982theory,
  title =        {{Theory of Spread-Spectrum Communications---A
                  Tutorial}},
  author =       {Pickholtz, Raymond and Schilling, Donald and
                  Milstein, Laurence},
  journal =      {IEEE Transactions on Communications},
  volume =       30,
  number =       5,
  pages =        {855--884},
  year =         1982,
  publisher =    {IEEE},
  eprint =       {10.1.1.114.208},
  eprinttype =   {citeseer},
}

@article{singel2007hushmail,
  author =       {Singel, Ryan},
  title =        {{Encrypted E-Mail Company Hushmail Spills to Feds}},
  journal =      {Wired: Threat Level},
  year =         2007,
  month =        {November},
  url =          {http://www.wired.com/threatlevel/2007/11/encrypted-e-mai/}
}

@inproceedings{yu2007dsss,
  title =        {{DSSS-based flow marking technique for invisible
                  traceback}},
  author =       {Yu, Wei and Fu, Xinwen and Graham, Steve and Xuan,
                  Dong and Zhao, Wei},
  booktitle =    {Symposium on Security and Privacy},
  pages =        {18--32},
  year =         2007,
  organization = {IEEE},
  eprint =       {10.1.1.117.6637},
  eprinttype =   {citeseer},
}

