@inproceedings{danezis2006econ,
  title =        {{The Economics of Mass Surveillance and the
                  Questionable Value of Anonymous Communications}},
  author =       {Danezis, George and Wittneben, Bettina},
  booktitle =    {Workshop on the Economics of Information Security},
  year =         2006,
  url = {http://weis2006.econinfosec.org/docs/36.pdf}
}

@Article{fetterly2004pageevol,
  author =       {Fetterly, Dennis and Manasse, Mark and Najork, Marc
                  and Wiener, Janet L.},
  title =        {{A Large-Scale Study of the Evolution of Web Pages}},
  journal =      {Software: Practice and Experience},
  volume =       34,
  number =       2,
  pages =        {213--237},
  year =         2004,
  doi =          {10.1002/spe.577}
}

@Article{zhioua2012ckthmm,
  author =       {Zhioua, Sami},
  title =        {{Tor traffic analysis using Hidden Markov Models}},
  journal =      {Security and Communication Networks},
  year =         2012,
  doi =          {10.1002/sec.669}
}
