@inproceedings{abolhasan2009,
  author =       {Abolhasan, M. and Hagelstein, B. and Wang, J. C.-P.},
  title =        {Real-world performance of current proactive
                  multi-hop mesh protocols},
  booktitle =    {15th Asia-Pacific conference on Communications},
  year =         2009,
  pages =        {42--45},
  url =          {http://ro.uow.edu.au/cgi/viewcontent.cgi?article=1747},
}

@inproceedings{anderegg2003,
  author =       {Anderegg, Luzi and Eidenbenz, Stephan},
  title =        {{Ad hoc-VCG: A Truthful and Cost-Efficient Routing
                  Protocol for Mobile Ad Hoc Networks with Selfish
                  Agents}},
  booktitle =    {9th annual international conference on Mobile
                  computing and networking},
  year =         2003,
  pages =        {245--259},
  doi =          {10.1145/938985.939011},
}

@article{ayday2010,
  author =       {Ayday, E. and Fekri, F.},
  title =        {{A protocol for data availability in Mobile Ad-Hoc
                  Networks in the presence of insider attacks}},
  journal =      {Ad Hoc Networks},
  volume =       8,
  number =       2,
  year =         2010,
  pages =        {181--192},
  doi =          {10.1016/j.adhoc.2009.07.001},
}

@Article{babu2000,
  author =       {G. Phanendra Babu and M. Narasimha Murty and
                  S. Sathiya Keerthi},
  title =        {{A Stochastic Connectionist Approach for Global
                  Optimization with Application to Pattern
                  Clustering}},
  journal =      {IEEE Transactions on Systems, Man, and
                  Cybernetics---Part B: Cybernetics},
  year =         2000,
  volume =       30,
  number =       1,
  pages =        {10--24}
}

@InProceedings{bissias2010,
  author =       {George Dean Bissias and Brian Neil Levine and Ramesh
                  K. Sitaraman},
  title =        {{Assessing the Vulnerability of Replicated Network
                  Services}},
  booktitle =    {Proceedings of the 6th International Conference on
                  Emerging networking experiments and technologies},
  pages =        {24:1--24:12},
  year =         2010,
  doi =          {10.1145/1921168.1921200}
}

@TechReport{buchegger2001,
  author =       {Sonja Buchegger and Le Boudec, Jean-Yves},
  title =        {{The Selfish Node: Increasing Routing Security for
                  Mobile Ad Hoc Networks}},
  institution =  {IBM Research},
  number =       {RR 3354},
  year =         2001
}

@InProceedings{buchegger2002a,
  author =       {Sonja Buchegger and Le Boudec, Jean-Yves},
  title =        {{Nodes Bearing Grudges: Towards Routing Security,
                  Fairness, and Robustness in Mobile Ad Hoc Networks}},
  booktitle =    {Proceedings of the 10th Euromicro conference on
                  Parallel, distributed and network-based processing},
  pages =        {403--410},
  year =         2002,
  doi =          {10.1109/EMPDP.2002.994321}
}

@InProceedings{buchegger2002b,
  author =       {Sonja Buchegger and Le Boudec, Jean-Yves},
  title =        {{Performance Analysis of the CONFIDANT Protocol}},
  booktitle =    {Proceedings of the 3rd ACM international symposium
                  on Mobile ad-hoc networking \& computing},
  pages =        {226--236},
  year =         2002,
  doi =          {10.1145/513800.513828}
}

@TechReport{buchegger2003,
  author =       {Sonja Buchegger and Le Boudec, Jean-Yves},
  title =        {{Coping with False Accusations in Misbehavior
                  Reputation Systems for Mobile Ad-hoc Networks}},
  institution =  {EPFL},
  year =         2003,
  number =       {IC/2003/3131},
  address =      {Lausanne, Switzerland}
}

@InProceedings{fong2011,
  author =       {Philip W. L. Fong},
  title =        {{Preventing Sybil Attacks by Privilege Attenuation:
                  A Design Principle for Social Network Systems}},
  booktitle =    {IEEE Symposium on Security and Privacy},
  pages =        {263--278},
  year =         2011,
  doi =          {10.1109/SP.2011.16}
}

@article{hallani2009,
  author =       {Hallani, Houssein and Shahrestani, Seyed A.},
  title =        {{Mitigation of the Effects of Selfish and Malicious
                  Nodes in Ad-Hoc Networks}},
  journal =      {WSEAS Transactions on Computers},
  volume =       8,
  number =       2,
  year =         2009,
  pages =        {205--221},
  url =          {http://www.wseas.us/e-library/transactions/computers/2009/28-666.pdf}
}

@InProceedings{jl1989,
  author =       {P. Julien-Laferriere and F. H. Lee and G. S. Stiles
                  and A. Raghuram and T. W. Morgan},
  title =        {{Stochastic Optimization of Distributed Database
                  Networks}},
  booktitle =    {Eighth Annual International Phoenix Conference on
                  Computers and Communications},
  year =         1989,
  pages =        {452--460},
  doi =          {10.1109/PCCC.1989.37430}
}

@InProceedings{johansen2006,
  author =       {Håvard Johansen and André Allavena and Robbert van
                  Renesse},
  title =        {{Fireflies: Scalable Support for Intrusion-Tolerant
                  Network Overlays}},
  booktitle =    {Proceedings of the 1st ACM SIGOPS European
                  Conference on Computer Systems},
  pages =        {3--13},
  year =         2006,
  doi =          {10.1145/1217935.1217937}
}

@article{komathy2008,
  author =       {Komathy, K. and Narayanasamy, P.},
  title =        {{Trust-based evolutionary game model assisting AODV
                  routing against selfishness}},
  journal =      {Journal of Network and Computer Applications},
  volume =       31,
  number =       4,
  year =         2008,
  pages =        {446--471},
  doi =          {10.1016/j.jnca.2008.02.002},
}

@InProceedings{lben1992,
  author =       {Noe Lopez-Benitez},
  title =        {{Dependability Analysis of Distributed Computing
                  Systems using Stochastic Petri Nets}},
  booktitle =    {Proceedings of the 11th Symposium on Reliable
                  Distributed Systems},
  year =         1992,
  pages =        {85--92},
  doi =          {10.1109/RELDIS.1992.235139}
}

@InProceedings{liu2007,
  author =       {Qiang Liu and Hailin Zhang and Xiaoxian Ma and
                  Qingzhen Zhao},
  title =        {{Genetic Algorithm-based Study on Flow Allocation in
                  a Multicommodity Stochastic-flow Network with
                  Unreliable Nodes}},
  booktitle =    {Eighth ACIS International Conference on Software
                  Engineering, Artificial Intelligence, Networking,
                  and Parallel/Distributed Computing},
  pages =        {576--581},
  year =         2007,
  doi =          {10.1109/SNPD.2007.261}
}

@Article{lua2005,
  author =       {Eng Keong Lua and Jon Crowcroft and Marcelo Pias and
                  Ravi Sharma and Steven Lim},
  title =        {{A Survey and Comparison of Peer-to-Peer Overlay
                  Network Schemes}},
  journal =      {IEEE Communications Surveys \& Tutorials},
  year =         2005,
  volume =       7,
  number =       2,
  pages =        {72--93},
  doi =          {10.1109/COMST.2005.1610546}
}

@InProceedings{maymounkov2002,
  author =       {Petar Maymounkov and David Mazières},
  title =        {{Kademlia: A Peer-to-peer Information System Based
                  on the XOR Metric}},
  booktitle =    {Peer-to-Peer Systems},
  series =       {Lecture Notes in Computer Science},
  year =         2002,
  pages =        {53--65},
  volume =       2429,
  doi =          {10.1007/3-540-45748-8_5}
}

@Article{pezoa2010,
  author =       {Jorge E. Pezoa and Sagar Dhakal and Majeed M. Hayat},
  title =        {{Maximizing Service Reliability in Distributed
                  Computing Systems with Random Node Failures: Theory
                  and Implementation}},
  journal =      {IEEE Transactions on Parallel and Distributed
                  Systems},
  year =         2010,
  volume =       21,
  number =       10,
  pages =        {1531--1544},
  doi =          {10.1109/TPDS.2010.34}
}

@article{safa2010,
  author =       {Safa, Haidar and Artail, Hassan and Tabet, Diana},
  title =        {{A cluster-based trust-aware routing protocol for
                  mobile ad hoc networks}},
  journal =      {Wireless Networks},
  volume =       16,
  number =       4,
  year =         2010,
  pages =        {969--984},
  doi =          {10.1007/s11276-009-0182-1},
}

@InProceedings{singh2004,
  author =       {Atul Singh and Miguel Castro and Peter Druschel and
                  Antony Rowstron},
  title =        {{Defending against Eclipse attacks on overlay
                  networks}},
  booktitle =    {Proceedings of the 11th ACM SIGOPS European
                  workshop},
  year =         2004,
  doi =          {10.1145/1133572.1133613}
}

@Article{wilson1927,
  author =       {E. B. Wilson},
  title =        {{Probable Inference, the Law of Succession, and
                  Statistical Inference}},
  journal =      {Journal of the American Statistical Association},
  volume =       22,
  pages =        {209--212},
  year =         1927
}

@Article{yuan2011,
  author =       {Yuan Yuan and Kui Wu and Weijia Jia and Yuming
                  Jiang},
  title =        {{Performance of Acyclic Stochastic Networks with
                  Network Coding}},
  journal =      {IEEE Transactions on Parallel and Distributed
                  Systems},
  year =         2011,
  volume =       22,
  number =       7,
  pages =        {1238--1245},
  doi =          {10.1109/TPDS.2010.192}
}

%% s- prefix: standards

@Misc{s-babel,
  author =       {Juliusz Chroboczek},
  title =        {{Babel — a loop-avoiding distance-vector routing
                  protocol}},
  url =          {http://www.pps.jussieu.fr/~jch/software/babel/},
  year =         2011
}

@Misc{s-batman,
  author =       {Andreas Langer and Axel Neumann and Corinna Aichele
                  and Felix Fietkau and Ludger Schmudde and Marek
                  Lindner and Simon Wunderlich and Thomas Lopatic },
  title =        {{B.A.T.M.A.N.: Better Approach To Mobile Adhoc
                  Networking}},
  url =          {http://www.open-mesh.net/},
  year =         2010
}

@Misc{s-dsr,
  author =       {D. Johnson and Y. Hu and D. Maltz},
  title =        {{The Dynamic Source Routing Protocol (DSR) for
                  Mobile Ad Hoc Networks for IPv4}},
  howpublished = {RFC 4728},
  url =          {http://tools.ietf.org/html/rfc4728},
  year =         2007
}

@Misc{s-olsr,
  author =       {Thomas Heide Clausen and Philippe Jacquet},
  title =        {{Optimized Link State Routing Protocol (OLSR)}},
  howpublished = {RFC 3626},
  url =          {http://tools.ietf.org/html/rfc3626},
  year =         2003
}

%% z- prefix: software

@InProceedings{z-alps1,
  author =       {Hornby, Gregory S.},
  title =        {{ALPS: the age-layered population structure for
                  reducing the problem of premature convergence}},
  booktitle =    {Proceedings of the 8th annual conference on Genetic
                  and evolutionary computation},
  year =         2006,
  pages =        {815--822},
  doi =          {10.1145/1143997.1144142},
}

@InProceedings{z-alps2,
  author =       {Hornby, Gregory S.},
  title =        {{Steady-state ALPS for real-valued problems}},
  booktitle =    {Proceedings of the 11th annual conference on Genetic
                  and evolutionary computation},
  year =         2009,
  pages =        {795--802},
  doi =          {10.1145/1569901.1570011},
}

@Book{z-ggplot2,
  author =       {Hadley Wickham},
  title =        {{ggplot2: elegant graphics for data analysis}},
  year =         2009,
  url =          {http://had.co.nz/ggplot2/book},
}

@Manual{z-ns3,
  title =        {{ns-3: a discrete-event network simulator}},
  year =         2011,
  url =          {http://www.nsnam.org/}
}

@Manual{z-r,
  title =        {{R: A Language and Environment for Statistical
                  Computing}},
  year =         2011,
  url =          {http://www.r-project.org/},
}
