% -*- encoding: utf-8 -*-

@inproceedings{aase2012whiskey,
  title         = {{Whiskey, Weed, and Wukan on the World Wide Web: On
                  Measuring Censors' Resources and Motivations}},
  author        = {Aase, Nicholas and Crandall, Jedidiah R. and Díaz,
                  Álvaro and Knockel, Jeffrey and Molinero, Jorge Ocaña and
                  Saia, Jared and Wallach, Dan and Zhu, Tao},
  booktitle     = {Free and Open Communications on the Internet},
  year          = 2012,
  eprinttype    = {usenix},
  eprint        = {foci12/aase},
  url           = {https://www.usenix.org/system/files/conference/foci12/foci12-final17.pdf}
}

@article{ackerman2013lavabit,
  author        = {Ackerman, Spencer},
  title         = {{Lavabit email service abruptly shut down citing
                  government interference}},
  journal       = {The Guardian},
  year          = 2013,
  month         = {August},
  url           = {http://www.theguardian.com/technology/2013/aug/08/lavabit-email-shut-down-edward-snowden}
}

@inproceedings{acquisti2003economics,
  title         = {{On the Economics of Anonymity}},
  author        = {Acquisti, Alessandro and Dingledine, Roger and Syverson,
                  Paul},
  booktitle     = {Financial Cryptography},
  pages         = {84--102},
  year          = 2003,
  eprinttype    = {anonbib},
  eprint        = {econymics}
}

@Misc{alexa.undated.topsites,
  key =          {alexa},
  author =       {{Alexa Internet, Inc.}},
  title =        {{How are Alexa's traffic rankings determined?}},
  howpublished = {Web page},
  year =         {Accessed~2014},
  url =          {http://www.alexa.com/faqs/?p=134}
}

@inproceedings{anderson1996eternity,
  title         = {{The Eternity Service}},
  author        = {Anderson, Ross},
  booktitle     = {Pragocrypt},
  year          = 1996,
  url           = {http://www.cl.cam.ac.uk/users/rja14/eternity/eternity.html}
}

@inproceedings{backes2013sidechannel,
  title         = {{Preventing Side-channel Leaks in Web Traffic: A Formal
                  Approach}},
  author        = {Backes, Michael and Doychev, Goran and Köpf, Boris},
  booktitle     = {Network and Distributed System Security Symposium},
  year          = 2013,
  month         = {February},
  publisher     = {Internet Society},
  eprinttype    = {anonbib},
  eprint        = {ndss13-website-fingerprinting}
}

@inproceedings{barth2008securing,
  title         = {{Securing Frame Communication in Browsers}},
  author        = {Barth, Adam and Jackson, Collin and Mitchell, John C.},
  booktitle     = {USENIX Security Symposium},
  year          = 2008,
  eprinttype    = {usenix},
  eprint        = {sec08/barth}
}

@techreport{bauer2007lowresource,
  author        = {Bauer, Kevin and McCoy, Damon and Grunwald, Dirk and
                  Kohno, Tadayoshi and Sicker, Douglas},
  title         = {{Low-Resource Routing Attacks Against Anonymous Systems}},
  institution   = {University of Colorado at Boulder},
  number        = {CU-CS-1025-07},
  year          = 2007,
  eprinttype    = {hdl},
  eprint        = {10971/1211}
}

@inproceedings{benes2001strongeternity,
  title         = {{The Strong Eternity Service}},
  author        = {Benes, Tonda},
  booktitle     = {Information Hiding Workshop},
  series        = {Lecture Notes on Computer Science},
  volume        = 2137,
  year          = 2001,
  url           = {http://freehaven.net/anonbib/papers/strong-eternity.pdf}
}

@inproceedings{bissias2005privacy,
  title         = {{Privacy Vulnerabilities in Encrypted HTTP Streams}},
  author        = {Bissias, George Dean and Liberatore, Marc and Jensen,
                  David and Levine, Brian Neal},
  booktitle     = {Privacy Enhancing Technologies},
  year          = 2005,
  eprinttype    = {anonbib},
  eprint        = {pet05-bissias}
}

@book{boehme2010steganalysis,
  author        = {Böhme, Ranier},
  title         = {Advanced Statistical Steganalysis},
  publisher     = {Springer},
  year          = 2010,
  isbn          = {978-3-642-14313-7}
}

@inproceedings{cai2012touching,
  author        = {Cai, Xiang and Zhang, Xin Cheng and Joshi, Brijesh and
                  Johnson, Rob},
  title         = {{Touching from a Distance: Website Fingerprinting Attacks
                  and Defenses}},
  booktitle     = {Computer and Communications Security},
  year          = 2012,
  url           = {http://www.cs.stonybrook.edu/~xcai/fp.pdf}
}

@inproceedings{castelluccia2010private,
  author        = {Castelluccia, Claude and De Cristofaro, Emiliano and
                  Perito, Daniele},
  title         = {{Private Information Disclosure from Web Searches (The
                  case of Google Web History)}},
  booktitle     = {Privacy Enhancing Technologies},
  pages         = {38--55},
  eprinttype    = {arxiv},
  eprint        = {1003.3242},
  eprintclass   = {cs.CR},
  year          = 2010
}

@inproceedings{chapman2011automated,
  title         = {{Automated Black-Box Detection of Side-Channel
                  Vulnerabilities in Web Applications}},
  author        = {Chapman, Peter and Evans, David},
  booktitle     = {Computer and communications security},
  pages         = {263--274},
  year          = 2011,
  url           = {http://qosbox.cs.virginia.edu/~evans/pubs/ccs2011/sca-packaged.pdf}
}

@article{chaum1981mix,
  title         = {Untraceable electronic mail, return addresses, and digital
                  pseudonyms},
  author        = {Chaum, David},
  journal       = {Communications of the ACM},
  volume        = 24,
  number        = 2,
  year          = 1981,
  doi           = {10.1145/358549.358563}
}

@inproceedings{chen2010side,
  title         = {Side-channel leaks in web applications: A reality today, a
                  challenge tomorrow},
  author        = {Chen, Shuo and Wang, Rui and Wang, XiaoFeng and Zhang,
                  Kehuan},
  booktitle     = {Symposium on Security and Privacy},
  pages         = {191--206},
  year          = 2010,
  organization  = {IEEE},
  url           = {http://research.microsoft.com/pubs/119060/WebAppSideChannel-final.pdf}
}

@techreport{cheng1998traffic,
  author        = {Cheng, Heyning and Avnur, Ron},
  title         = {{Traffic Analysis of SSL Encrypted Web Browsing}},
  institution   = {University of California, Berkeley},
  year          = 1998,
  url           = {http://www.eecs.berkeley.edu/~daw/teaching/cs261-f98/projects/final-reports/ronathan-heyning.ps}
}

@inproceedings{choi1999behavioral,
  author        = {{Choi, Hyoung-Kee and Limb, John O}},
  title         = {{A Behavioral Model of Web Traffic}},
  booktitle     = {International Conference on Network Protocols},
  pages         = {327--334},
  year          = 1999,
  organization  = {IEEE},
  url           = {http://www.ieee-icnp.org/1999/papers/1999-35.pdf}
}

@inproceedings{coull2007web,
  title         = {{On Web Browsing Privacy in Anonymized NetFlows}},
  author        = {Coull, Scott E. and Collins, Michael P. and Wright,
                  Charles V. and Monrose, Fabian and Reiter, Michael K.},
  booktitle     = {USENIX Security Symposium},
  pages         = {339--352},
  year          = 2007,
  eprinttype    = {usenix},
  eprint        = {sec07/coull}
}

@inproceedings{danezis2003statistical,
  title         = {{Statistical Disclosure Attacks: Traffic Confirmation in
                  Open Environments}},
  author        = {Danezis, George},
  booktitle     = {Security and Privacy in the Age of Uncertainty},
  year          = 2003,
  pages         = {421--426},
  eprinttype    = {anonbib},
  eprint        = {statistical-disclosure}
}

@inproceedings{danezis2004continuous,
  title         = {{The Traffic Analysis of Continuous-Time Mixes}},
  author        = {George Danezis},
  booktitle     = {Privacy Enhancing Technologies},
  volume        = 3424,
  year          = 2004,
  month         = {May},
  pages         = {35--50},
  series        = {Lecture Notes in Computer Science},
  eprinttype    = {anonbib},
  eprint        = {danezis:pet2004}
}

@inproceedings{danezis2005statistical,
  title         = {Statistical Disclosure or Intersection Attacks on
                  Anonymity Systems},
  author        = {Danezis, George and Serjantov, Andrei},
  booktitle     = {Information Hiding},
  pages         = {293--308},
  year          = 2005,
  eprinttype    = {anonbib-psgz},
  eprint        = {DanSer04}
}

@inproceedings{danezis2006econ,
  title         = {{The Economics of Mass Surveillance and the Questionable
                  Value of Anonymous Communications}},
  author        = {Danezis, George and Wittneben, Bettina},
  booktitle     = {Workshop on the Economics of Information Security},
  year          = 2006,
  url           = {http://weis2006.econinfosec.org/docs/36.pdf}
}

@inproceedings{danezis2007twosided,
  title         = {{Two-Sided Statistical Disclosure Attack}},
  author        = {Danezis, George and Díaz, Claudia and Troncoso, Carmela},
  booktitle     = {Privacy Enhancing Technologies},
  pages         = {30--44},
  year          = 2007,
  eprinttype    = {anonbib},
  eprint        = {danezis-pet2007}
}

@unpublished{danezisunpbtraffic,
  author        = {Danezis, George},
  title         = {{Traffic Analysis of the HTTP Protocol over TLS}},
  url           = {http://research.microsoft.com/en-us/um/people/gdane/papers/TLSanon.pdf}
}

@misc{dierks2008tls,
  editor        = {Dierks, Tim and Rescorla, Eric},
  title         = {{The Transport Layer Security (TLS) Protocol, Version
                  1.2}},
  howpublished  = {RFC 5246},
  year          = 2008,
  url           = {http://tools.ietf.org/html/rfc5246}
}

@inproceedings{dingledine2000freehaven,
  title         = {{The Free Haven Project: Distributed Anonymous Storage
                  Service}},
  author        = {Dingledine, Roger and Freedman, Michael J. and Molnar,
                  David},
  booktitle     = {Designing Privacy Enhancing Technologies},
  year          = 2000,
  series        = {Lecture Notes in Computer Science},
  volume        = 2009,
  url           = {http://freehaven.net/doc/berk/freehaven-berk.ps}
}

@inproceedings{dingledine2004tor,
  author        = {Dingledine, Roger and Mathewson, Nick and Syverson, Paul},
  title         = {{Tor: The Second-Generation Onion Router}},
  booktitle     = {USENIX Security Symposium},
  year          = 2004,
  pages         = {303--320},
  eprinttype    = {usenix},
  eprint        = {sec04/dingledine}
}

@thesis{doychev2012analysis,
  author        = {Doychev, Goran},
  title         = {{Analysis and Mitigation of Information Leaks in Web
                  Browsing Traffic}},
  type          = {MSc thesis},
  institution   = {Saarland University},
  year          = 2012,
  url           = {http://software.imdea.org/~gdoychev/publications/MScThesis.pdf}
}

@inproceedings{duong2012crime,
  author        = {Rizzo, Juliano and Duong, Thai},
  title         = {{The CRIME attack}},
  booktitle     = {ekoparty security conference},
  year          = 2012,
  url           = {http://www.ekoparty.org/archive/2012/CRIME_ekoparty2012.pdf}
}

@inproceedings{dyer2012peekaboo,
  title         = {{Peek-a-Boo, I Still See You: Why Efficient Traffic
                  Analysis Countermeasures Fail}},
  author        = {Dyer, Kevin P. and Coull, Scott E. and Ristenpart, Thomas
                  and Shrimpton, Thomas},
  booktitle     = {Symposium on Security and Privacy},
  year          = 2012,
  organization  = {IEEE},
  url           = {http://kpdyer.com/publications/oakland2012.pdf}
}

@inproceedings{díaz2002measuring,
  title         = {Towards measuring anonymity},
  author        = {Díaz, Claudia and Seys, Stefaan and Claessens, Joris and
                  Preneel, Bart},
  booktitle     = {Privacy Enhancing Technologies},
  pages         = {54--68},
  year          = 2002,
  series        = {Lecture Notes in Computer Science},
  volume        = 2482,
  editor        = {Dingledine, Roger and Syverson, Paul},
  url           = {http://www.cosic.esat.kuleuven.be/publications/article-89.pdf}
}

@article{elie2005timestamp,
  author        = {Elie Burzstein},
  title         = {{TCP Timestamp to count hosts behind NAT}},
  journal       = {Phrack},
  year          = 2005,
  volume        = {vol.\ 0x0b, issue 0x3f, phile \#0x03 (Linenoise), section
                  2},
  url           = {http://phrack.org/issues.html?issue=63&id=3#article}
}

@misc{felten2013decl,
  author        = {Felten, Edward W.},
  title         = {{ACLU v. Clapper}},
  subtitle      = {(Felten Decl.)},
  howpublished  = {Southern District of New York, 1:2013cv03994},
  year          = 2013,
  url           = {https://ia601803.us.archive.org/22/items/gov.uscourts.nysd.413072/gov.uscourts.nysd.413072.27.0.pdf}
}

@book{ferguson2010ceng,
  author        = {Ferguson, Niels and Schneier, Bruce and Kohno, Tadayoshi},
  title         = {{Cryptography Engineering: Design Principles and Practical
                  Applications}},
  publisher     = {Wiley},
  year          = 2010,
  address       = {Indianapolis, IN},
  isbn          = {978-0-470-47424-2}
}

@article{fetterly2004pageevol,
  author        = {Fetterly, Dennis and Manasse, Mark and Najork, Marc and
                  Wiener, Janet L.},
  title         = {{A Large-Scale Study of the Evolution of Web Pages}},
  journal       = {Software: Practice and Experience},
  volume        = 34,
  number        = 2,
  pages         = {213--237},
  year          = 2004,
  doi           = {10.1002/spe.577}
}

@inproceedings{fetterly2004spam,
  title         = {{Spam, Damn Spam, and Statistics: Using statistical
                  analysis to locate spam web pages}},
  author        = {Fetterly, Dennis and Manasse, Mark and Najork, Marc},
  booktitle     = {Workshop on the Web and Databases},
  pages         = {1--6},
  year          = 2004,
  organization  = {ACM},
  doi           = {10.1145/1017074.1017077}
}

@inproceedings{fu2003active,
  title         = {Active Traffic Analysis Attacks and Countermeasures},
  author        = {Fu, Xinwen and Graham, Bryan and Bettati, Riccardo and
                  Zhao, Wei},
  booktitle     = {International Conference on Computer Networks and Mobile
                  Computing},
  pages         = {31--39},
  year          = 2003,
  organization  = {IEEE},
  eprint        = {fu-active},
  eprinttype    = {anonbib}
}

@inproceedings{fu2003analytical,
  title         = {{Analytical and Empirical Analysis of Countermeasures to
                  Traffic Analysis Attacks}},
  author        = {Fu, Xinwen and Graham, Bryan and Xuan, Dong and Bettati,
                  Riccardo and Zhao, Wei},
  booktitle     = {International Conference on Parallel Processing},
  pages         = {483--492},
  year          = 2003,
  organization  = {IEEE},
  eprint        = {fu-analytical},
  eprinttype    = {anonbib}
}

@inproceedings{gluck2013breach,
  author        = {Gluck, Yoel and Harris, Neal and Prado, Angelo},
  title         = {{BREACH: Reviving the CRIME Attack}},
  booktitle     = {Black Hat},
  year          = 2013,
  url           = {https://www.blackhat.com/us-13/archives.html#Prado}
}

@article{gong2011remote,
  author        = {Gong, Xun and Kiyavash, Negar and Schear, Nabíl and
                  Borisov, Nikita},
  title         = {{Website Detection Using Remote Traffic Analysis}},
  journal       = {Computing Research Repository},
  year          = 2011,
  eprint        = {1109.0097},
  eprinttype    = {arxiv},
  eprintclass   = {cs.CR}
}

@collection{greenwald2013nsa,
  title         = {{The NSA Files}},
  year          = {2013--},
  editor        = {Greenwald, Glen and others},
  publisher     = {The Guardian},
  url           = {http://www.theguardian.com/world/the-nsa-files}
}

@inproceedings{herrmann2009website,
  title         = {{Website Fingerprinting: Attacking Popular Privacy
                  Enhancing Technologies with the Multinomial Naïve-Bayes
                  Classifier}},
  author        = {Herrmann, Dominik and Wendolsky, Rolf and Federrath,
                  Hannes},
  booktitle     = {Workshop on Cloud Computing Security},
  year          = 2009,
  url           = {http://epub.uni-regensburg.de/11919/1/authorsversion-ccsw09.pdf}
}

@incollection{herrmann2012analyzing,
  title         = {Analyzing Characteristic Host Access Patterns for
                  Re-identification of Web User Sessions},
  author        = {Herrmann, Dominik and Gerber, Christoph and Banse,
                  Christian and Federrath, Hannes},
  year          = 2012,
  isbn          = {978-3-642-27936-2},
  booktitle     = {Information Security Technology for Applications},
  volume        = 7127,
  pages         = {136--154},
  series        = {Lecture Notes in Computer Science},
  editor        = {Aura, Tuomas and Järvinen, Kimmo and Nyberg, Kaisa},
  doi           = {10.1007/978-3-642-27937-9_10},
  publisher     = {Springer Berlin Heidelberg},
  url           = {http://epub.uni-regensburg.de/18731/1/nordsec_10_7_final.pdf}
}

@inproceedings{hintz2002fingerprinting,
  title         = {{Fingerprinting Websites Using Traffic Analysis}},
  author        = {Hintz, Andrew},
  booktitle     = {Privacy Enhancing Technologies},
  year          = 2002,
  url           = {http://guh.nu/projects/ta/safeweb/safeweb.pdf}
}

@inproceedings{hopper2007leak,
  title         = {How Much Anonymity does Network Latency Leak?},
  author        = {Hopper, Nicholas and Vasserman, Eugene Y. and Chan-Tin,
                  Eric},
  booktitle     = {Computer and Communications Security},
  year          = 2007,
  month         = {October},
  organization  = {ACM},
  eprint        = {ccs07-latency-leak},
  eprinttype    = {anonbib}
}

@article{hopper2009provably,
  title         = {Provably secure steganography},
  author        = {Hopper, Nicholas and von Ahn, Luis and Langford, John},
  journal       = {IEEE Transactions on Computers},
  volume        = 58,
  number        = 5,
  pages         = {662--676},
  year          = 2009,
  publisher     = {IEEE},
  eprint        = {10.1.1.153.7785},
  eprinttype    = {citeseer}
}

@misc{i2p.undated.i2p,
  author        = {{I2P development team}},
  title         = {{I2P: A scalable framework for anonymous communication}},
  howpublished  = {Web page},
  year          = {Accessed~2013},
  url           = {http://www.i2p2.de/techintro.html}
}

@inproceedings{iacovazzi2012ideality,
  title         = {{From ideality to practicability in statistical packet
                  features masking}},
  author        = {Iacovazzi, Alfonso and Baiocchi, Andrea},
  booktitle     = {International Wireless Communications and Mobile Computing
                  Conference},
  pages         = {456--462},
  year          = 2012,
  doi           = {10.1109/IWCMC.2012.6314247}
}

@inproceedings{jackson2006protecting,
  title         = {{Protecting Browser State from Web Privacy Attacks}},
  author        = {Jackson, Collin and Bortz, Andrew and Boneh, Dan and
                  Mitchell, John C},
  booktitle     = {World Wide Web},
  pages         = {737--744},
  year          = 2006,
  organization  = {ACM},
  url           = {http://www.stanford.edu/people/jcm/papers/sameorigin.pdf}
}

@article{jia2013blind,
  author        = {Jia, Weijia and Tso, Fung Po and Ling, Zhen and Fu, Xinwen
                  and Xuan, Dong and Yu, Wei},
  title         = {Blind detection of spread spectrum flow watermarks},
  journal       = {Security and Communication Networks},
  volume        = 6,
  number        = 3,
  publisher     = {John Wiley & Sons, Ltd},
  issn          = {1939-0122},
  eprint        = {10.1.1.156.4883},
  eprinttype    = {citeseer},
  doi           = {10.1002/sec.540},
  pages         = {257--274},
  year          = 2013
}

@book{kahn1967codebreakers,
  author        = {Kahn, David},
  title         = {{The Codebreakers: The Story of Secret Writing}},
  publisher     = {Macmillan},
  year          = 1967,
  address       = {New York}
}

@TechReport{kent1977tcpsec,
  author =       {Kent, Steven T.},
  title =        {{Some Thoughts on TCP and Communication Security}},
  institution =  {MIT Laboratory for Computer Science},
  year =         1977,
  type =         {Local Network Note},
  number =       6,
  annote =       {to read---traffic analysis resistance}
}

@misc{kent2005ipsec,
  author        = {Kent, Stephen and Seo, Karen},
  title         = {{Security Architecture for the Internet Protocol}},
  howpublished  = {RFC 4301},
  year          = 2005,
  url           = {https://tools.ietf.org/html/rfc4301}
}

@inproceedings{krmivcek2009netflow,
  title         = {{Netflow Based System for NAT Detection}},
  author        = {Krmíček, Vojtěch and Vykopal, Jan and Krejčí, Radek},
  booktitle     = {CoNEXT Student Workshop},
  pages         = {23--24},
  year          = 2009,
  organization  = {ACM},
  url           = {http://conferences.sigcomm.org/co-next/2009/workshops/student/papers/Krmicek.pdf}
}

@inproceedings{kugler2003gnunet,
  title         = {{An Analysis of GNUnet and the Implications for Anonymous,
                  Censorship-Resistant Networks}},
  author        = {Kügler, Dennis},
  booktitle     = {Privacy Enhancing Technologies},
  year          = 2003,
  month         = {March},
  pages         = {161--176},
  series        = {Lecture Notes on Computer Science},
  volume        = 2760,
  eprinttype    = {anonbib},
  eprint        = {kugler:pet2003}
}

@article{lamarre2009satire,
  author        = {LaMarre, Heather L. and Landreville, Kristen D. and Beam,
                  Michael A.},
  title         = {{The Irony of Satire: Political Ideology and the
                  Motivation to See What You Want to See in The Colbert
                  Report}},
  journal       = {The International Journal of Press/Politics},
  volume        = 14,
  number        = 2,
  pages         = {212--231},
  year          = 2009,
  doi           = {10.1177/1940161208330904},
  url           = {http://www.democracynow.org/resources/63/263/The_Irony_of_Satire.pdf}
}

@inproceedings{levine2004timing,
  title         = {{Timing attacks in low-latency mix systems}},
  author        = {Levine, Brian Neal and Reiter, Michael K. and Wang, Chenxi
                  and Wright, Matthew},
  booktitle     = {Financial Cryptography},
  year          = 2004,
  doi           = {10.1007/978-3-540-27809-2_25},
  eprinttype    = {anonbib},
  eprint        = {timing-fc2004}
}

@inproceedings{liberatore2006inferring,
  title         = {{Inferring the source of encrypted HTTP connections}},
  author        = {Liberatore, Marc and Levine, Brian Neil},
  booktitle     = {Computer and Communications Security},
  pages         = {255--263},
  year          = 2006,
  eprinttype    = {anonbib},
  eprint        = {Liberatore:2006}
}

@inbook{liu2012mining,
  author        = {Liu, Bing and Zhang, Lei},
  title         = {{A Survey of Opinion Mining and Sentiment Analysis}},
  booktitle     = {Mining Text Data},
  editor        = {Aggarwal, Charu C. and Zhai, ChengXiang},
  year          = 2012,
  chapter       = 13,
  pages         = {415--463},
  doi           = {10.1007/978-1-4614-3223-4_13},
  publisher     = {Springer},
  address       = {Boston}
}

@incollection{lu2010website,
  title         = {{Website Fingerprinting and Identification Using Ordered
                  Feature Sequences}},
  author        = {Lu, Liming and Chang, Ee-Chien and Chan, MunChoon},
  booktitle     = {European Symposium on Research in Computer Security},
  editor        = {Gritzalis, Dimitris and Preneel, Bart and Theoharidou,
                  Marianthi},
  volume        = 6345,
  series        = {Lecture Notes in Computer Science},
  year          = 2010,
  doi           = {10.1007/978-3-642-15497-3_13}
}

@inproceedings{luo2011httpos,
  title         = {{HTTPOS: Sealing Information Leaks with Browser-side
                  Obfuscation of Encrypted Flows}},
  author        = {Luo, Xiapu and Zhou, Peng and Chan, Edmond W. W. and Lee,
                  Wenke and Chang, Rocky K. C. and Perdisci, Roberto},
  booktitle     = {Network and Distributed Security Symposium},
  year          = 2011,
  month         = {February},
  publisher     = {Internet Society},
  eprinttype    = {anonbib},
  eprint        = {LZCLCP_NDSS11}
}

@article{mather2012pinpointing,
  title         = {Pinpointing side-channel information leaks in web
                  applications},
  author        = {Mather, Luke and Oswald, Elisabeth},
  journal       = {Journal of Cryptographic Engineering},
  volume        = 2,
  issue         = 3,
  year          = 2012,
  pages         = {161--177},
  publisher     = {Springer-Verlag},
  doi           = {10.1007/s13389-012-0036-0}
}

@inproceedings{mathewson2004traffic,
  title         = {{Practical Traffic Analysis: Extending and Resisting
                  Statistical Disclosure}},
  author        = {Mathewson, Nick and Dingledine, Roger},
  booktitle     = {Privacy Enhancing Technologies},
  volume        = 3424,
  year          = 2004,
  month         = {May},
  pages         = {17--34},
  series        = {Lecture Notes in Computer Science},
  eprinttype    = {anonbib},
  eprint        = {e2e-traffic}
}

@misc{mathewson2011tor,
  title         = {Tor and circumvention: lessons learned},
  author        = {Mathewson, Nick},
  howpublished  = {Invited talk at the Workshop on Large-Scale Exploits and
                  Emergent Threats},
  year          = 2011,
  eprinttype    = {usenix},
  eprint        = {leet11/mathewson},
  url           = {http://www.usenix.org/event/leet11/tech/slides/mathewson.pdf}
}

@thesis{miller2012https,
  title         = {{HTTPS Vulnerability to Fine Grain Traffic Analysis}},
  author        = {Miller, Bradley},
  institution   = {University of California, Berkeley},
  year          = 2012,
  type          = {MS thesis},
  number        = {UCB/EECS-2012-245},
  url           = {http://www.eecs.berkeley.edu/Pubs/TechRpts/2012/EECS-2012-245.html}
}

@incollection{mitchell2005error,
  author        = {Mitchell, Chris J.},
  title         = {{Error Oracle Attacks on CBC Mode: Is There a Future for
                  CBC Mode Encryption?}},
  booktitle     = {Information Security},
  volume        = 3650,
  series        = {Lecture Notes in Computer Science},
  pages         = {244--258},
  year          = 2005,
  publisher     = {Springer},
  doi           = {10.1007/11556992_18},
  url           = {http://www.chrismitchell.net/eoaocm2.pdf}
}

@inproceedings{mittal2011stealthy,
  title         = {{Stealthy Traffic Analysis of Low-Latency Anonymous
                  Communication Using Throughput Fingerprinting}},
  author        = {Mittal, Prateek and Khurshid, Ahmed and Juen, Joshua and
                  Caesar, Matthew and Borisov, Nikita},
  booktitle     = {Computer and Communications Security},
  year          = 2011,
  month         = {October},
  eprinttype    = {anonbib},
  eprint        = {ccs2011-stealthy}
}

@inproceedings{murdoch2007sampled,
  title         = {{Sampled Traffic Analysis by Internet-Exchange-Level
                  Adversaries}},
  author        = {Murdoch, Steven J. and Zieliński, Piotr},
  booktitle     = {Privacy Enhancing Technologies},
  year          = 2007,
  month         = {June},
  address       = {Ottawa, Canada},
  editor        = {Nikita Borisov and Philippe Golle},
  series        = {Lecture Notes in Computer Science},
  publisher     = {Springer},
  eprinttype    = {anonbib},
  eprint        = {murdoch-pet2007}
}

@misc{newman1996church,
  author        = {Newman, Ron},
  title         = {{The Church of Scientology vs.\ {\sffamily anon.penet.fi}}},
  howpublished  = {Web page},
  year          = 1996,
  url           = {http://www.spaink.net/cos/rnewman/anon/penet.html}
}

% N.B. The Danish/Norwegian alphabet runs Z, Æ, Ø, Å; rather than set
% biblatex's overall language accordingly (which would be inappropriate
% for text generally in English), we override the sorting for this entry.
@inproceedings{overlier2006locating,
  title         = {Locating hidden servers},
  author        = {Øverlier, Lasse and Syverson, Paul},
  sortname      = {ZZYverlier, Lasse and Syverson, Paul},
  booktitle     = {Symposium on Security and Privacy},
  year          = 2006,
  organization  = {IEEE},
  eprinttype    = {anonbib},
  eprint        = {hs-attack06}
}

@inproceedings{panchenko2011website,
  title         = {{Website Fingerprinting in Onion Routing Based
                  Anonymization Networks}},
  author        = {Panchenko, Andriy and Niessen, Lukas and Zinnen, Andreas
                  and Engel, Thomas},
  booktitle     = {Workshop on Privacy in the Electronic Society},
  year          = 2011,
  url           = {http://lorre.uni.lu/~andriy/papers/acmccs-wpes11-fingerprinting.pdf}
}

@article{pang2008mining,
  author        = {Pang, Bo and Lee, Lillian},
  title         = {{Opinion Mining and Sentiment Analysis}},
  journal       = {Foundations and Trends in Information Retrieval},
  volume        = 2,
  number        = {1–2},
  pages         = {1--135},
  year          = 2008,
  doi           = {10.1561/1500000011}
}

@incollection{peddinti2010trackmenot,
  title         = {{On the Privacy of Web Search Based on Query Obfuscation:
                  A Case Study of TrackMeNot}},
  author        = {Peddinti, Sai Teja and Saxena, Nitesh},
  year          = 2010,
  isbn          = {978-3-642-14526-1},
  booktitle     = {Privacy Enhancing Technologies},
  volume        = 6205,
  series        = {Lecture Notes in Computer Science},
  editor        = {Atallah, Mikhail J. and Hopper, Nicholas J.},
  doi           = {10.1007/978-3-642-14527-8_2},
  publisher     = {Springer Berlin Heidelberg},
  pages         = {19--37},
  url           = {http://www.freehaven.net/anonbib/papers/pets2010/p2-peddinti.pdf}
}

@misc{perry2013fpcritique,
  author        = {Mike Perry},
  title         = {A Critique of Website Traffic Fingerprinting Attacks},
  year          = 2013,
  url           = {https://blog.torproject.org/blog/critique-website-traffic-fingerprinting-attacks}
}

@misc{pfitzmann2010terminology,
  author        = {Andreas Pfitzmann and Marit Hansen},
  title         = {{A terminology for talking about privacy by data
                  minimization: Anonymity, Unlinkability, Undetectability,
                  Unobservability, Pseudonymity, and Identity Management}},
  year          = 2010,
  version       = {0.34},
  url           = {http://dud.inf.tu-dresden.de/literatur/Anon_Terminology_v0.34.pdf}
}

@article{pickholtz1982theory,
  title         = {{Theory of Spread-Spectrum Communications---A Tutorial}},
  author        = {Pickholtz, Raymond and Schilling, Donald and Milstein,
                  Laurence},
  journal       = {IEEE Transactions on Communications},
  volume        = 30,
  number        = 5,
  pages         = {855--884},
  year          = 1982,
  publisher     = {IEEE},
  eprint        = {10.1.1.114.208},
  eprinttype    = {citeseer}
}

@techreport{pironti2012identifying,
  author        = {Pironti, Alfredo and Strub, Pierre-Yves and Bhargavan,
                  Karthikeyan},
  title         = {{Identifying Website Users by TLS Traffic Analysis: New
                  Attacks and Effective Countermeasures}},
  institution   = {INRIA},
  year          = 2012,
  number        = {RR-8067},
  url           = {http://hal.inria.fr/hal-00732449}
}

@incollection{serjantov2002anonymizing,
  title         = {Anonymizing censorship resistant systems},
  author        = {Serjantov, Andrei},
  booktitle     = {Peer-to-Peer Systems},
  pages         = {111--120},
  year          = 2002,
  publisher     = {Springer}
}

@inproceedings{shahaf2007towards,
  title         = {{Towards a Theory of AI Completeness}},
  author        = {Shahaf, Dafna and Amir, Eyal},
  booktitle     = {AAAI Spring Symposium: Logical Formalizations of
                  Commonsense Reasoning},
  pages         = {150--155},
  year          = 2007,
  url           = {http://aaai.org/Papers/Symposia/Spring/2007/SS-07-05/SS07-05-026.pdf}
}

@inproceedings{shmatikov2006timing,
  title         = {{Timing Analysis in Low-Latency Mix Networks: Attacks and
                  Defenses}},
  author        = {Shmatikov, Vitaly and Wang, Ming-Hsiu},
  booktitle     = {ESORICS},
  year          = 2006,
  month         = {September},
  eprint        = {ShWa-Timing06},
  eprinttype    = {anonbib}
}

@article{singel2007hushmail,
  author        = {Singel, Ryan},
  title         = {{Encrypted E-Mail Company Hushmail Spills to Feds}},
  journal       = {Wired: Threat Level},
  year          = 2007,
  month         = {November},
  url           = {http://www.wired.com/threatlevel/2007/11/encrypted-e-mai/}
}

% the use of 'series' here is a bit of an abuse, but whatcha gonna do:
@book{solzh1974gulag:svpsh,
  author        = {Solzhenitsyn, Aleksandr I.},
  translator    = {Whitney, Thomas P.},
  title         = {{The Gulag Archipelago}},
  publisher     = {Harper \& Row},
  year          = 1974,
  url           = {http://archive.org/stream/Gulag_Archipelago_I/Gulag_Archipelago#page/n73/mode/2up},
  series        = {Vol.~I, pp.~63--64}
}

@inproceedings{sun2002statistical,
  title         = {Statistical identification of encrypted web browsing
                  traffic},
  author        = {Sun, Qixiang and Simon, Daniel R. and Wang, Yi-Min and
                  Russell, Wilf and Padmanabhan, Venkata N. and Qiu, Lili},
  booktitle     = {Symposium on Security and Privacy},
  year          = 2002,
  eprinttype    = {anonbib},
  eprint        = {TrafHTTP}
}

@article{toubiana2011trackmenot,
  title         = {{TrackMeNot: Enhancing the privacy of Web Search}},
  author        = {Toubiana, Vincent and Subramanian, Lakshminarayanan and
                  Nissenbaum, Helen},
  year          = 2011,
  eprinttype    = {arxiv},
  eprintclass   = {cs.CR},
  eprint        = {1109.4677}
}

@inproceedings{wagner1996analysis,
  author        = {Wagner, David and Schneier, Bruce},
  title         = {{Analysis of the SSL 3.0 protocol}},
  booktitle     = {Workshop on Electronic Commerce},
  pages         = {29--40},
  year          = 1996,
  organization  = {USENIX},
  url           = {http://www.schneier.com/paper-ssl.pdf}
}

@inproceedings{waldman2001tangler,
  title         = {{Tangler: a censorship-resistant publishing system based
                  on document entanglements}},
  author        = {Waldman, Marc and Mazières, David},
  booktitle     = {Computer and Communications Security},
  year          = 2001,
  pages         = {126--135},
  url           = {http://www.cs.nyu.edu/~waldman/tangler.ps}
}

@techreport{wang2013fingerprinting,
  author        = {Wang, Tao and Goldberg, Ian},
  title         = {{Improved Website Fingerprinting on Tor}},
  institution   = {University of Waterloo},
  year          = 2013,
  number        = {CACR 2013-10},
  url           = {http://cacr.uwaterloo.ca/techreports/2013/cacr2013-10.pdf}
}

@inproceedings{weinberg2012stegotorus,
  title         = {{StegoTorus: A Camouflage Proxy for the Tor Anonymity
                  System}},
  author        = {Weinberg, Zachary and Wang, Jeffrey and Yegneswaran, Vinod
                  and Briesemeister, Linda and Cheung, Steven and Wang, Frank
                  and Boneh, Dan},
  booktitle     = {Computer and Communications Security},
  year          = 2012,
  eprinttype    = {anonbib},
  eprint        = {ccs12-stegotorus}
}

@inproceedings{wright2002analysis,
  title         = {{An Analysis of the Degradation of Anonymous Protocols}},
  author        = {Wright, Matthew and Adler, Micah and Levine, Brian Neil
                  and Shields, Clay},
  booktitle     = {Network and Distributed Security Symposium},
  year          = 2002,
  eprinttype    = {anonbib},
  eprint        = {wright02},
  url           = {http://www.cs.umass.edu/~mwright/papers/wright-degrade.pdf}
}

@inproceedings{wright2003defending,
  title         = {{Defending Anonymous Communication Against Passive Logging
                  Attacks}},
  author        = {Wright, Matthew and Adler, Micah and Levine, Brian Neil
                  and Shields, Clay},
  booktitle     = {Symposium on Security and Privacy},
  year          = 2003,
  eprinttype    = {anonbib},
  eprint        = {wright03},
  url           = {http://www.cs.umass.edu/~mwright/papers/wright-passive.pdf}
}

@inproceedings{wright2007language,
  title         = {{Language identification of encrypted VoIP traffic:
                  Alejandra y Roberto or Alice and Bob}},
  author        = {Wright, Charles V. and Ballard, Lucas and Monrose, Fabian
                  and Masson, Gerald M.},
  booktitle     = {USENIX Security Symposium},
  pages         = {1--12},
  year          = 2007,
  eprinttype    = {usenix},
  eprint        = {sec07/wright}
}

@inproceedings{wright2009traffic,
  title         = {{Traffic Morphing: An Efficient Defense Against
                  Statistical Traffic Analysis}},
  author        = {Wright, Charles V. and Coull, Scott E. and Monrose,
                  Fabian},
  booktitle     = {Network and Distributed Security Symposium},
  pages         = {237--250},
  year          = 2009,
  eprinttype    = {anonbib},
  eprint        = {morphing09}
}

@misc{xia2013xia,
  key           = {xia},
  title         = {eXpressive Internet Architecture},
  howpublished  = {Web site},
  year          = 2013,
  url           = {https://www.cs.cmu.edu/~xia/}
}

@misc{ylonen2006ssh,
  author        = {Ylonen, Tatu},
  editor        = {Lonvick, Chris},
  title         = {{The Secure Shell (SSH) Transport Layer Protocol}},
  howpublished  = {RFC 4253},
  url           = {http://tools.ietf.org/html/rfc4253}
}

@inproceedings{yu2003opinion,
  author        = {Yu, Hong and Hatzivassiloglou, Vasileios},
  title         = {{Towards answering opinion questions}},
  booktitle     = {Empirical Methods in Natural Language Processing},
  year          = 2003,
  volume        = 10,
  pages         = {129--136},
  doi           = {10.3115/1119355.1119372},
  publisher     = {Association for Computational Linguistics},
  address       = {Morristown, NJ}
}

@inproceedings{yu2007dsss,
  title         = {{DSSS-based flow marking technique for invisible
                  traceback}},
  author        = {Yu, Wei and Fu, Xinwen and Graham, Steve and Xuan, Dong
                  and Zhao, Wei},
  booktitle     = {Symposium on Security and Privacy},
  pages         = {18--32},
  year          = 2007,
  organization  = {IEEE},
  eprint        = {10.1.1.117.6637},
  eprinttype    = {citeseer}
}

@inproceedings{zhang2010sidebuster,
  title         = {{Sidebuster: Automated Detection and Quantification of
                  Side-Channel Leaks in Web Application Development}},
  author        = {Zhang, Kehuan and Li, Zhou and Wang, Rui and Wang,
                  XiaoFeng and Chen, Shuo},
  booktitle     = {Computer and Communications Security},
  pages         = {595--606},
  year          = 2010,
  organization  = {ACM},
  url           = {http://www.cs.indiana.edu/~lizho/sidebuster-final.pdf}
}

@article{zhioua2012tor,
  author        = {Zhioua, Sami},
  title         = {{Tor traffic analysis using Hidden Markov Models}},
  journal       = {Security and Communication Networks},
  year          = 2012,
  doi           = {10.1002/sec.669}
}
