@IEEEtranBSTCTL{kill-url-prefix,
  CTLname_url_prefix = {}
}

@electronic{adblock,
  author =       {Wladimir Palant and others},
  howpublished = {Software},
  title =        {{Adblock Plus}},
  url =          {http://adblockplus.org/},
  year =         2006
}

@incollection{ahn03captcha,
  author =       {Luis von Ahn and Manuel Blum and Nicholas Hopper and
                  John Langford},
  title =        {{CAPTCHA: Using Hard AI Problems for Security}},
  booktitle =    {Advances in Cryptology --- EUROCRYPT 2003},
  url =          {http://dx.doi.org/10.1007/3-540-39200-9_18},
  year =         2003
}

@electronic{alexa,
  author =       {Alexa},
  howpublished = {Data set},
  title =        {{Top Sites}},
  url =          {http://www.alexa.com/topsites},
}

@electronic{annevk:consistency,
  author =       {van Kesteren, Anne},
  title =        {{Breaking Web Platform Consistency Considered Harmful}},
  howpublished = {Blog entry},
  url =          {http://annevankesteren.nl/2011/02/web-platform-consistency},
  year =         2011
}

@electronic{atkins09selmatch,
  author =       {Tab {Atkins Jr.}},
  howpublished = {Mailing list post},
  title =        {{Re: [css3-selectors] No way to select preceding sibling element}},
  url =          {http://lists.w3.org/Archives/Public/www-style/2009Jul/0041.html},
  year =         2009
}

@electronic{brewster08login,
  author =       {Kent Brewster},
  howpublished = {Blog entry},
  title =        {{Patching Privacy Leaks}},
  url =          {http://kentbrewster.com/patching-privacy-leaks/},
  year =         2008
}

@inproceedings{browserrecon,
  author =       {Markus Jakobsson and Sid Stamm},
  title =        {{Invasive Browser Sniffing and Countermeasures}},
  booktitle =    {International World Wide Web Conference (WWW)},
  url =          {http://research.sidstamm.com/papers/invasivesniff05.pdf},
  year =         2006
}

@electronic{bugtraq_visited,
  author =       {Andrew Clover},
  howpublished = {BUGTRAQ mailing list posting},
  title =        {{CSS visited pages disclosure}},
  url =          {http://seclists.org/bugtraq/2002/Feb/271},
  year =         2002
}

@inproceedings{cachecookies,
  author =       {Ari Juels and Markus Jakobsson and Tom N. Jagatic},
  title =        {{Cache Cookies for Browser Authentication}},
  booktitle =    {IEEE Symposium on Security and Privacy (Oakland)},
  url =          {http://citeseerx.ist.psu.edu/viewdoc/download?doi=10.1.1.137.8258&rep=rep1&type=pdf},
  year =         2006
}

@electronic{cachelife2007,
  author =       {Tenni Theurer},
  howpublished = {Blog entry},
  title =        {{Performance Research, Part 2: Browser Cache
                  Usage---Exposed!}},
  url =          {http://www.yuiblog.com/blog/2007/01/04/performance-research-part-2/},
  year =         2007
}

@electronic{cachelife2010,
  author =       {Steve Souders},
  howpublished = {Blog entry},
  title =        {{Call to improve browser caching}},
  url =          {http://www.stevesouders.com/blog/2010/04/26/call-to-improve-browser-caching/},
  year =         2010
}

@electronic{captcha-conversion,
  author =       {Casey Henry},
  howpublished = {Blog entry},
  title =        {{CAPTCHAs' Effect on Conversion Rates}},
  url =          {http://www.seomoz.org/blog/captchas-affect-on-conversion-rates},
  year =         2009
}

@electronic{chatroulette,
  author =       {Andrey Ternovskiy and others},
  howpublished = {Web site},
  title =        {{Chatroulette}},
  url =          {http://www.chatroulette.com/},
  year =         2009
}

@electronic{clickjacking,
  author =       {Robert Hansen and Jeremiah Grossman},
  howpublished = {Web page},
  title =        {{Clickjacking}},
  url =          {http://www.sectheory.com/clickjacking.htm},
  year =         2008
}

@inproceedings{cranor-bad-p3p,
  author =       {P.G. Leon and L.F. Cranor and A.M. McDonald and
                  R. McGuire},
  title =        {{Token Attempt: The Misrepresentation of Website
                  Privacy Policies through the Misuse of P3P Compact
                  Policy Tokens}},
  booktitle =    {Workshop on Privacy in the Electronic Society},
  url =          {http://www.cylab.cmu.edu/files/pdfs/tech_reports/CMUCyLab10014.pdf},
  year =         2010
}

@standard{css3fonts,
  author =       {John Daggett},
  type =         {Working Draft},
  title =        {{CSS Fonts Module Level 3}},
  organization = {W3C},
  url =          {http://www.w3.org/TR/css3-fonts/},
  year =         2009
}

@inproceedings{dnsprefetch,
  author =       {Krishnan, Srinivas and Monrose, Fabian},
  title =        {{DNS prefetching and its privacy implications: when
                  good things go bad}},
  booktitle =    {USENIX Conference on Large-Scale Exploits and
                  Emergent Threats (LEET)},
  url =          {http://www.usenix.org/event/leet10/tech/full_papers/Krishnan.pdf},
  year =         2010
}

@techreport{dnssnoop,
  author =       {Luis Grangeia},
  title =        {{DNS Cache Snooping, or Snooping the Cache for Fun
                  and Profit}},
  institution =  {SideStep Seguran\c{c}a Digital},
  url =          {http://www.rootsecure.net/content/downloads/pdf/dns_cache_snooping.pdf},
  year =         2004
}

@electronic{donottrack,
  author =       {Jonathan Mayer and Arvind Narayanan},
  howpublished = {Web site},
  title =        {{Do Not Track: Universal Web Tracking Opt-Out}},
  url =          {http://donottrack.us/},
  year =         2010
}

@manual{evercookie,
  author =       {Samy Kamkar},
  title =        {{Evercookie --- Never Forget}},
  url =          {http://samy.pl/evercookie/},
  year =         2010
}

@inproceedings{felten00timing,
  author =       {Edward W. Felten and Michael A. Schneider},
  title =        {{Timing Attacks on Web Privacy}},
  booktitle =    {ACM Conference on Computer and Communications
                  Security (CCS)},
  url =          {http://citeseerx.ist.psu.edu/viewdoc/download?doi=10.1.1.32.6864&rep=rep1&type=pdf},
  year =         2000
}

@electronic{flash-clickjacking,
  author =       {Adobe},
  howpublished = {Security advisory},
  title =        {{Flash Player workaround available for
                  ``Clickjacking'' issue}},
  url =          {http://www.adobe.com/support/security/advisories/apsa08-08.html},
  year =         2008
}

@Book{hawthorne,
  author =       {Henry A. Landsberger},
  title =        {{Hawthorne Revisited: Management and the Worker, Its
                  Critics, and Developments in Human Relations in
                  Industry}},
  publisher =    {School of Industrial and Labor Relations, Cornell
                  University},
  year =         1958,
  address =      {Ithaca, New York}
}

@article{hershman1965typing,
  author =       {R. L. Hershman and W. A. Hillix},
  title =        {{Data Processing in Typing: Typing Rate as a
                  Function of Kind of Material and Amount Exposed}},
  journal =      {Human Factors},
  volume =       7,
  pages =        {483--492},
  url =          {http://www.ingentaconnect.com/content/hfes/hf/1965/00000007/00000005/art00007},
  year =         1965
}

@standard{html5_device,
  author =       {Ian Hickson},
  type =         {Living Standard},
  title =        {{HTML: The \texttt{device} element}},
  organization = {WHATWG},
  url =          {http://www.whatwg.org/specs/web-apps/current-work/multipage/commands.html#devices},
  year =          2011
}

@standard{httpstate,
  author =       {Adam Barth},
  type =         {Internet-Draft},
  title =        {{HTTP State Management Mechanism}},
  organization = {IETF},
  url =          {https://datatracker.ietf.org/doc/draft-ietf-httpstate-cookie/},
  year =         2010
}

@standard{httpstate_old,
  author =       {David M. Kristol and Lou Montulli},
  type =         {Proposed Standard},
  title =        {{HTTP State Management Mechanism (RFC 2965)}},
  organization = {IETF},
  url =          {https://datatracker.ietf.org/doc/rfc2965/},
  year =         2000
}

@inproceedings{jackson06thirdpartycookies,
  author =       {Collin Jackson and Andrew Bortz and Dan Boneh and
                  John C. Mitchell},
  title =        {{Protecting Browser State from Web Privacy Attacks}},
  booktitle =    {International World Wide Web Conference (WWW)},
  url =          {http://crypto.stanford.edu/sameorigin/sameorigin.pdf},
  year =         2006
}

@inproceedings{janc10wtikay,
  author =       {Artur Janc and {\L}ukasz Olejnik},
  title =        {{Web Browser History Detection as a Real-World
                  Privacy Threat}},
  booktitle =    {European Symposium on Research in Computer Security
                  (ESORICS)},
  url =          {http://cdsweb.cern.ch/record/1293097/files/LHCb-PROC-2010-036.pdf},
  year =         2010
}

@inproceedings{jang10empirical,
  author =       {Dongseok Jang and Ranjit Jhala and Sorin Lerner and
                  Hovav Shacham},
  title =        {{An Empirical Study of Privacy-Violating Information
                  Flows in JavaScript Web Applications}},
  booktitle =    {ACM Conference on Computer and Communications
                  Security (CCS)},
  url =          {http://cseweb.ucsd.edu/~d1jang/papers/ccs10.pdf},
  year =         2010
}

@electronic{lso,
  author =       {Adobe},
  title =        {{What are local shared objects?}},
  howpublished = {Web page},
  url =          {http://www.adobe.com/products/flashplayer/articles/lso/},
  year =         2006
}

@electronic{moz_repaint_bug,
  author =       {Zachary Weinberg},
  title =        {{CSS timing attack on global history still possible
                  with MozAfterPaint}},
  howpublished = {Mozilla bug 600025},
  url =          {https://bugzilla.mozilla.org/show_bug.cgi?id=600025},
  year =         2010
}

@electronic{moz_visited_bug,
  author =       {L. David Baron},
  title =        {{\texttt{:visited} support allows queries into
                  global history}},
  howpublished = {Mozilla bug 147777},
  url =          {https://bugzilla.mozilla.org/show_bug.cgi?id=147777},
  year =         2002
}

@electronic{moz_visited_defense,
  author =       {L. David Baron},
  title =        {{Preventing attacks on a user's history through CSS
                  \texttt{:visited} selectors}},
  howpublished = {Web page},
  url =          {http://dbaron.org/mozilla/visited-privacy},
  year =         2010
}

@electronic{mozillasameorigin,
  author =       {Jesse Ruderman},
  title =        {{JavaScript Security: Same Origin}},
  howpublished = {Mozilla Developer Center article},
  url =          {https://developer.mozilla.org/En/Same_origin_policy_for_JavaScript},
  year =         2008
}

@techreport{mturk_demog,
  author =       {Panagiotis G. Ipeirotis},
  title =        {{Demographics of Mechanical Turk}},
  type =         {Working paper},
  institution =  {Center for Digital Economy Research, NYU Stern
                  School of Business},
  url =          {http://hdl.handle.net/2451/29585},
  year =         2010
}

@electronic{mturk_service,
  author =       {Amazon},
  title =        {{Amazon Mechanical Turk: Artificial Artificial
                  Intelligence}},
  howpublished = {Web site},
  url =          {https://www.mturk.com/},
  year =         2005
}

@inproceedings{mturk_shift,
  author =       {Joel Ross and Lilly Irani and M. Six Silberman and
                  Andrew Zaldivar and Bill Tomlinson},
  title =        {{Who are the Crowdworkers? Shifting
                  Demographics in Mechanical Turk}},
  booktitle =    {alt.CHI},
  url =          {http://www.ics.uci.edu/~jwross/pubs/RossEtAl-WhoAreTheCrowdworkers-altCHI2010.pdf},
  year =         2010
}

@book{niel95ht,
  author =       {Jakob Nielsen},
  title =        {{Multimedia and hypertext: the internet and beyond}},
  publisher =    {Academic Press},
  year =         1995
}

@electronic{noscript,
  author =       {Giorgio Maone},
  howpublished = {Software},
  title =        {{NoScript}},
  url =          {http://noscript.net/},
  year =         2006
}

@standard{p3p,
  author =       {Lorrie Cranor and Marc Langheinrich and Massimo Marchiori
                  and Martin Presler-Marshall and Joseph Reagle},
  type =         {Recommendation},
  title =        {{The Platform for Privacy Preferences 1.0 Specification}},
  organization = {W3C},
  url =          {http://www.w3.org/TR/P3P/},
  year =         2002
}

@mastersthesis{pamphleteer,
  author =       {Jonathan R. Mayer},
  type =         {Undergraduate Senior Thesis},
  title =        {{Any person\ldots{} a pamphleteer: Internet Anonymity in
                  the Age of Web 2.0}},
  school =       {Princeton University},
  url =          {http://stanford.edu/~jmayer/papers/thesis09.pdf},
  year =         2009
}

@inproceedings{panopticlick,
  author =       {Peter Eckersley},
  title =        {{How Unique Is Your Browser?}},
  booktitle =    {Privacy Enhancing Technologies Symposium (PETS)},
  url =          {http://www.defcon.org/images/defcon-18/dc-18-presentations/Eckersley/DEFCON-18-Eckersley-Panopticlick.pdf},
  year =         2010
}

@techreport{pew_demog,
  author =       {Aaron Smith},
  title =        {{Home Broadband 2010}},
  type =         {Report},
  institution =  {Pew Internet \& American Life Project},
  url =          {http://pewinternet.org/Reports/2010/Home-Broadband-2010.aspx},
  year =         2010
}

@inproceedings{phishing,
  author =       {Edward W. Felten and Dirk Balfanz and Drew Dean and
                  Dan S. Wallach},
  title =        {{Web Spoofing: An Internet Con Game}},
  booktitle =    {National Information Systems Security Conference},
  url =          {http://www.csl.sri.com/users/ddean/papers/spoofing.pdf},
  year =         1997
}

@book{presentation_of_self,
  author =       {Erving Goffman},
  title =        {{The Presentation of Self in Everyday Life}},
  publisher =    {Anchor Books},
  year =         1959
}

@inproceedings{private_browsing_paper,
  author =       {Gaurav Aggarwal and Elie Burzstein and Dan Boneh and
                  Collin Jackson},
  title =        {{An Analysis of Private Browsing Modes in Modern
                  Browsers}},
  booktitle =    {USENIX Security Symposium},
  url =          {http://crypto.stanford.edu/~dabo/pubs/papers/privatebrowsing.pdf},
  year =         2010
}

@book{rainbow_covert,
  author =       {Virgil D. Gligor and others},
  title =        {{A Guide to Understanding Covert Channel Analysis of
                  Trusted Systems}},
  publisher =    {National Computer Security Center},
  number =       {NCSC-TG-030},
  series =       {NSA/NCSC Rainbow Series},
  address =      {Fort Meade, MD},
  url =          {http://www.fas.org/irp/nsa/rainbow/tg030.htm},
  year =         1993
}

@book{rggplot2,
  author =       {Hadley Wickham},
  title =        {{ggplot2: elegant graphics for data analysis}},
  publisher =    {Springer New York},
  isbn =         {0-387-98140-3},
  url =          {http://had.co.nz/ggplot2/book},
  year =         2009
}

@manual{rlang,
  author =       {{R Development Core Team}},
  title =        {{R: A Language and Environment for Statistical Computing}},
  organization = {R Foundation for Statistical Computing},
  address =      {Vienna, Austria},
  isbn =         {3-900051-07-0},
  url =          {http://www.r-project.org},
  year =         2010
}

@electronic{roc:distinguish,
  author =       {Robert O'Callahan},
  title =        {{Distinguishing ``Embeddable'' Versus ``Readable''
                  Web Resources Considered Harmful}},
  howpublished = {Blog entry},
  url =          {http://weblogs.mozillazine.org/roc/archives/2011/02/distinguishing.html},
  year =         2011
}

@electronic{sl09openid,
  author =       {Luke Shepard},
  title =        {{Making OpenID more useful: let's detect logged-in
                  state}},
  howpublished = {Blog entry},
  url =          {http://www.sociallipstick.com/?p=167},
  year =         2009
}

@electronic{sniff_coinage,
  author =       {Niall Kennedy},
  title =        {{Sniff browser history for improved user experience}},
  howpublished = {Blog entry},
  url =          {http://www.niallkennedy.com/blog/2008/02/browser-history-sniff.html},
  year =         2008
}

@electronic{svg_matrix,
  author =       {Jeff Schiller},
  title =        {{SVG Support}},
  howpublished = {Web page},
  url =          {http://www.codedread.com/svg-support.php},
  year =         2010
}

@electronic{thinkermade08focus,
  author =       {ThinkerMade},
  title =        {{How to Tell if a User is Signed in to Facebook and
                  Other Services}},
  howpublished = {Blog entry},
  url =          {http://replay.waybackmachine.org/20081020072934/http://www.thinkermade.com/blog/2008/07/how-to-tell-if-a-user-is-signed-in-to-facebook-and-other-services/},
  year =         2008
}

@electronic{torbutton,
  author =       {Mike Perry and Scott Squires},
  title =        {{Torbutton}},
  howpublished = {Software},
  url =          {https://www.torproject.org/torbutton/},
  year =         2007
}

@inproceedings{wang10incoherencies,
  author =       {Kapil Singh and Alexander Moshchuk and Helen J. Wang
                  and Wenke Lee},
  title =        {{On the Incoherencies in Web Browser Access Control
                  Policies}},
  booktitle =    {IEEE Symposium on Security and Privacy (Oakland)},
  url =          {http://research.microsoft.com/en-us/um/people/helenw/papers/incoherencyAndWebAnalyzer.pdf},
  year =         2010
}

@standard{wcag,
  author =       {Wendy Chisholm and Gregg Vanderheiden and Ian
                  Jacobs},
  title =        {{Web Content Accessibility Guidelines 1.0}},
  type =         {Recommendation},
  organization = {W3C},
  url =          {http://www.w3.org/TR/WCAG10/},
  year =         1999
}

@standard{webstorage,
  author =       {Ian Hickson},
  title =        {{Web Storage}},
  type =         {Working Draft},
  organization = {W3C},
  url =          {http://www.w3.org/TR/webstorage/},
  year =         2011
}

@inproceedings{whyphishingworks,
  author =       {Rachna Dhamija and J. Doug Tygar and Marti Hearst},
  title =        {{Why phishing works}},
  booktitle =    {SIGCHI Conference on Human Factors in Computing
                  Systems (CHI)},
  url =          {http://www.deas.harvard.edu/~rachna/papers/why_phishing_works.pdf},
  year =         2006
}

@inproceedings{wolman99organization,
  author =       {Alec Wolman and Geoff Voelker and Nitin Sharma and
                  Neal Cardwell and Molly Brown and Tashana Landray
                  and Denise Pinnel and Anna Karlin and Henry Levy},
  title =        {{Organization-Based Analysis of Web-Object Sharing
                  and Caching}},
  booktitle =    {USENIX Symposium on Internet Technologies and
                  Systems},
  url =          {http://www.cs.washington.edu/research/networking/websys/pubs/usits99.ps},
  year =         1999
}

@inproceedings{wondracek10deanon,
  author =       {Gilbert Wondracek and Thorsten Holz and Engin Kirda
                  and Christopher Kruegel},
  title =        {{A Practical Attack to De-anonymize Social Network
                  Users}},
  booktitle =    {IEEE Symposium on Security and Privacy (Oakland)},
  url =          {http://www.iseclab.org/papers/sonda-tr.pdf},
  year =         2010
}

@electronic{wpfoptout,
  author =       {Pam Dixon},
  title =        {{Consumer Tips: How to Opt-Out of Cookies That Track
                  You}},
  howpublished = {Web page},
  url =          {http://www.worldprivacyforum.org/cookieoptout.html},
  year =         2004
}

@standard{webgl,
  author =       {Chris Marrin},
  title =        {{WebGL Specification}},
  type =         {Working Draft},
  organization = {Khronos},
  url =          {http://www.khronos.org/registry/webgl/specs/latest},
  year =         2011
}

@standard{wwwdom,
  author =       {Vidur Apparao and Steve Byrne and Mike Champion and
                  Scott Isaacs and Arnaud Le Hors and Gavin Nicol and
                  Jonathan Robie and Peter Sharpe and Bill Smith and
                  Jared Sorensen and Robert Sutor and Ray Whitmer and
                  Chris Wilson},
  title =        {{Document Object Model (DOM) Level 1 Specification}},
  type =         {Recommendation},
  organization = {W3C},
  url =          {http://www.w3.org/TR/1998/REC-DOM-Level-1-19981001/},
  year =         1998
}

@electronic{wwwproposal,
  author =       {Tim Berners-Lee},
  howpublished = {Email message},
  title =        {{WorldWideWeb: Proposal for a HyperText Project}},
  url =          {http://www.w3.org/Proposal.html},
  year =         1990
}
