%% Cite key prefixes:
%% a-  attacks (including all traffic analysis)
%% c-  circumvention techniques and tools
%% d-  data sets
%% n-  news reports and analyses
%% p-  personal communications
%% q-  quotations
%% s-  specifications, software, and algorithms

@article{a-active-http,
  author =       {Xiaogang Wang and Junzhou Luo and Ming Yang and Zhen
                  Ling},
  title =        {{A potential HTTP-based application-level attack
                  against Tor}},
  journal =      {Future Generation Computer Systems},
  volume =       27,
  issue =        1,
  year =         2011,
  pages =        {67--77},
  doi =          {10.1016/j.future.2010.04.007}
}

@inproceedings{a-browser-fp,
  author =       {Peter Eckersley},
  title =        {{How Unique Is Your Web Browser?}},
  booktitle =    {Privacy Enhancing Technologies},
  series =       {Lecture Notes in Computer Science},
  pages =        {1--18},
  year =         2010,
  volume =       6205,
  url =          {http://panopticlick.eff.org/browser-uniqueness.pdf}
}

@inproceedings{a-classify,
  author =       {Roni Bar-Yanai and Michael Langberg and David Peleg
                  and Liam Roditty},
  title =        {{Realtime Classification for Encrypted Traffic}},
  booktitle =    {Experimental Algorithms},
  series =       {Lecture Notes in Computer Science},
  pages =        {373--385},
  volume =       6049,
  year =         2010,
  doi =          {10.1007/978-3-642-13193-6_32}
}

@inproceedings{a-ctxtaware,
  author =       {Zhiqiang Lin and Xuxian Jiang and Dongyan Xu and
                  Xiangyu Zhang},
  title =        {{Automatic Protocol Format Reverse Engineering
                  through Context-Aware Monitored Execution}},
  booktitle =    {15th Symposium on Network and Distributed System
                  Security},
  year =         2008,
  url =          {http://www.isoc.org/isoc/conferences/ndss/08/papers/14_automatic_protocol_format.pdf}
}

@inproceedings{a-discoverer,
  author =       {Weidong Cui and Jayanthkumar Kannan and Helen
                  J. Wang},
  title =        {{Discoverer: Automatic protocol reverse engineering
                  from network traces}},
  booktitle =    {Proceedings of the 16th USENIX Security Symposium},
  year =         2007,
  pages =        {199--212},
  url =          {http://www.usenix.org/events/sec07/tech/cui.html}
}

@inproceedings{a-enchttp-leak,
  author =       {George Dean Bissias and Marc Liberatore and David
                  Jensen and Brian Neil Levine},
  title =        {{Privacy vulnerabilities in encrypted HTTP streams}},
  booktitle =    {Privacy Enhancing Technologies},
  series =       {Lecture Notes in Computer Science},
  pages =        {1--11},
  volume =       3856,
  year =         2006,
  doi =          {10.1007/11767831_1}
}

@inproceedings{a-finger-onion,
  author =       {Andriy Panchenko and Lukas Niessen and Andreas
                  Zinnen and Thomas Engel},
  title =        {{Website Fingerprinting in Onion Routing Based
                  Anonymization Networks}},
  booktitle =    {Proceedings of the 10th annual ACM workshop on
                  Privacy in the electronic society},
  year =         2011,
  pages =        {103--114},
  doi =          {10.1145/2046556.2046570}
}

@inproceedings{a-fingerprint,
  author =       {Andrew Hintz},
  title =        {{Fingerprinting websites using traffic analysis}},
  booktitle =    {Privacy Enhancing Technologies},
  series =       {Lecture Notes in Computer Science},
  pages =        {229--233},
  volume =       2482,
  year =         2003,
  doi =          {10.1007/3-540-36467-6_13}
}

@inproceedings{a-foniks,
  author =       {Andrew M. White and Austin R. Matthews and Kevin
                  Z. Snow and Fabian Monrose},
  title =        {{Phonotactic Reconstruction of Encrypted VoIP
                  Conversations: Hookt on Fon-iks}},
  booktitle =    {IEEE Symposium on Security and Privacy},
  year =         2011,
  pages =        {3--18},
  url =          {https://www.cs.unc.edu/~amw/resources/hooktonfoniks.pdf}
}

@inproceedings{a-infersource,
  author =       {Marc Liberatore and Brian Neil Levine},
  title =        {{Inferring the Source of Encrypted HTTP
                  Connections}},
  booktitle =    {Proceedings of the 13th ACM conference on Computer
                  and Communications Security},
  pages =        {255--263},
  year =         2006,
  doi =          {10.1145/1180405.1180437}
}

@article{a-latency-leak,
  author =       {Hopper, Nicholas and Vasserman, Eugene Y. and
                  Chan-Tin, Eric},
  title =        {{How Much Anonymity does Network Latency Leak?}},
  journal =      {ACM Transactions on Information and System Security},
  volume =       13,
  issue =        2,
  year =         2010,
  pages =        {13:1--13:28},
  articleno =    13,
  doi =          {10.1145/1698750.1698753}
}

@inproceedings{a-multinomial,
  author =       {Dominik Herrmann and Rolf Wendolsky and Hannes
                  Federrath},
  title =        {{Website Fingerprinting: Attacking Popular Privacy
                  Enhancing Technologies with the Multinomial
                  Na\"{\i}ve-Bayes Classifier}},
  booktitle =    {Proceedings of the 2009 ACM workshop on Cloud
                  computing security},
  year =         2009,
  pages =        {31--42},
  doi =          {10.1145/1655008.1655013}
}

@inproceedings{a-padding-oracle,
  author =       {Black, John and Urtubia, Hector},
  title =        {{Side-Channel Attacks on Symmetric Encryption
                  Schemes: The Case for Authenticated Encryption}},
  booktitle =    {Proceedings of the 11th USENIX Security Symposium},
  year =         2002,
  pages =        {327--338},
  url =          {http://www.usenix.org/event/sec02/full_papers/black/black_html/}
}

@inproceedings{a-polyglot,
  author =       {Juan Caballero and Heng Yin and Zhenkai Liang and
                  Dawn Song},
  title =        {{Polyglot: Automatic extraction of protocol format
                  using dynamic binary analysis}},
  booktitle =    {14th ACM Conference on Computer and Communications
                  Security},
  year =         2007,
  pages =        {317--329},
  doi =          {10.1145/1315245.1315286}
}

@inproceedings{a-practical,
  author =       {Nick Mathewson and Roger Dingledine},
  title =        {{Practical Traffic Analysis: Extending and Resisting
                  Statistical Disclosure}},
  booktitle =    {Privacy Enhancing Technologies},
  pages =        {17--34},
  volume =       3424,
  series =       {Lecture Notes in Computer Science},
  year =         2005,
  url =          {http://freehaven.net/doc/e2e-traffic/e2e-traffic.pdf}
}

@article{a-predecessor,
  author =       {Matthew K. Wright and Micah Adler and Brian Neal
                  Levine},
  title =        {{The Predecessor Attack: An Analysis of a Threat to
                  Anonymous Communications Systems}},
  journal =      {ACM Transactions on Information and Systems
                  Security},
  year =         2004,
  volume =       7,
  number =       4,
  pages =        {489--522},
  url =          {http://mail.freehaven.net/anonbib/cache/Wright:2004.pdf}
}

@inproceedings{a-res-traffic,
  author =       {Gregor Maier and Anja Feldmann and Vern Paxson and
                  Mark Allman},
  title =        {{On Dominant Characteristics of Residential
                  Broadband Internet Traffic}},
  booktitle =    {Proceedings of the Ninth Internet Measurement
                  Conference},
  year =         2009,
  pages =        {90--102},
  url =          {http://www.icir.org/vern/papers/imc102-maier.pdf}
}

@inproceedings{a-sampled,
  author =       {Murdoch, Steven J. and Zieli\'{n}ski, Piotr},
  title =        {{Sampled Traffic Analysis by Internet-Exchange-Level
                  Adversaries}},
  booktitle =    {Privacy Enhancing Technologies},
  pages =        {167--183},
  volume =       4776,
  series =       {Lecture Notes in Computer Science},
  year =         2007,
  doi =          {10.1007/978-3-540-75551-7_11}
}

@inproceedings{a-serve-surf,
  author =       {McLachlan, Jon and Hopper, Nicholas},
  title =        {{On the risks of serving whenever you surf:
                  vulnerabilities in Tor's blocking resistance design}},
  booktitle =    {Proceedings of the 8th ACM workshop on Privacy in
                  the electronic society},
  year =         2009,
  pages =        {31--40},
  doi =          {10.1145/1655188.1655193}
}

@inproceedings{a-ssh-plaintext,
  author =       {Martin R. Albrecht and Kenneth G. Paterson and Gaven
                  J. Watson},
  title =        {{Plaintext Recovery Attacks against SSH}},
  booktitle =    {IEEE Symposium on Security and Privacy},
  year =         2009,
  pages =        {16--26},
  doi =          {10.1109/SP.2009.5}
}

@misc{a-ssl-cp1,
  author =       {Gregory V. Bard},
  title =        {{The Vulnerability of SSL to Chosen Plaintext
                  Attack}},
  howpublished = {Cryptology ePrint Archive, Report 2004/111},
  year =         2004,
  url =          {http://eprint.iacr.org/2004/111}
}

@misc{a-ssl-cp2,
  author =       {Gregory V. Bard},
  title =        {{A Challenging but Feasible Blockwise-Adaptive
                  Chosen-Plaintext Attack on SSL}},
  howpublished = {Cryptology ePrint Archive, Report 2006/136},
  year =         2006,
  url =          {http://eprint.iacr.org/2006/136}
}

@Book{a-stat-steg,
  author =       {Rainer B{\"o}hme},
  title =        {{Advanced Statistical Steganalysis}},
  publisher =    {Springer},
  year =         2010,
  isbn =         {978-3-642-14312-0},
  url =          {http://www.springer.com/book/978-3-642-14312-0}
}

@inproceedings{a-statistical-id,
  author =       {Qixiang Sun and Daniel R. Simon and Yi-Min Wang and
                  Wilf Russell and Venkata N. Padmanabhan and Lili
                  Qiu},
  title =        {{Statistical identification of encrypted Web
                  browsing traffic}},
  booktitle =    {Proceedings of the 2002 IEEE Symposium on Security
                  and Privacy},
  year =         2002,
  pages =        {19--30},
  doi =          {10.1109/SECPRI.2002.1004359}
}

@inproceedings{a-strip-steg,
  author =       {Fisk, Gina and Fisk, Mike and Papadopoulos, Christos
                  and Neil, Joshua},
  title =        {{Eliminating Steganography in Internet Traffic with
                  Active Wardens}},
  booktitle =    {Information Hiding},
  series =       {Lecture Notes in Computer Science},
  volume =       2578,
  pages =        {18--35},
  year =         2003,
  url =          {http://www.woozle.org/~mfisk/papers/ih02.pdf}
}

@inproceedings{a-tor,
  author =       {Steven J. Murdoch and George Danezis},
  title =        {{Low-Cost Traffic Analysis of Tor}},
  booktitle =    {Proceedings of the 2005 IEEE Symposium on Security
                  and Privacy},
  pages =        {183--195},
  year =         2005,
  doi =          {10.1109/SP.2005.12}
}

@inproceedings{a-tor-stats,
  author =       {Karsten Loesing and Steven J. Murdoch and Roger
                  Dingledine},
  title =        {{A Case Study on Measuring Statistical Data in the
                  Tor Anonymity Network}},
  booktitle =    {Workshop on Ethics in Computer Security Research},
  series =       {Lecture Notes on Computer Science},
  volume =       6054,
  pages =        {203--215},
  year =         2010,
  url =          {http://metrics.torproject.org/papers/wecsr10.pdf}
}

@inproceedings{c-anon-br,
  author =       {K\"{o}psell, Stefan and Hillig, Ulf},
  title =        {{How to Achieve Blocking Resistance for Existing
                  Systems Enabling Anonymous Web Surfing}},
  booktitle =    {Proceedings of the 2004 ACM workshop on Privacy in
                  the electronic society},
  pages =        {47--58},
  year =         2004,
  url =          {https://gnunet.org/sites/default/files/koepsell-wpes2004_0.pdf}
}

@inproceedings{c-browser-proxies,
  author =       {David Fifield and Nate Hardison and Jonathon
                  Ellithorpe and Emily Stark and Roger Dingledine and
                  Phil Porras and Dan Boneh},
  title =        {{Evading Censorship with Browser-Based Proxies}},
  booktitle =    {Privacy Enhancing Technologies},
  series =       {Lecture Notes on Computer Science},
  volume =       7384,
  pages =        {239--258},
  year =         2012,
  url =          {https://crypto.stanford.edu/flashproxy/flashproxy.pdf}
}

@misc{c-ch-llanon,
  author =       {Roger Dingledine and Nick Mathewson and Paul
                  Syverson},
  title =        {{Challenges in deploying low-latency anonymity}},
  howpublished = {NRL CHACS Report 5540-625},
  year =         2005,
  url =          {http://www.onion-router.net/Publications/challenges.pdf}
}

@inproceedings{c-cirripede,
  author =       {Houmansadr, Amir and Nguyen, Giang T.K. and Caesar,
                  Matthew and Borisov, Nikita},
  title =        {{Cirripede: Circumvention Infrastructure using Router
                  Redirection with Plausible Deniability}},
  booktitle =    {Proceedings of the 18th ACM conference on Computer
                  and communications security},
  pages =        {187--200},
  year =         2011,
  doi =          {10.1145/2046707.2046730}
}

@inproceedings{c-decoy-route,
  author =       {Josh Karlin and Daniel Ellard and Alden Jackson and
                  Christine E. Jones and Greg Lauer and David
                  P. Makins and W. Timothy Strayer},
  title =        {{Decoy Routing: Toward Unblockable Internet
                  Communication}},
  booktitle =    {USENIX Workshop on Free and Open Communications on
                  the Internet},
  year =         2011,
  url =          {https://db.usenix.org/events/foci11/tech/final_files/Karlin.pdf}
}

@misc{c-dust,
  author =       {Brandon Wiley},
  title =        {{Dust: A Blocking-Resistant Internet Transport
                  Protocol}},
  year =         2010,
  url =          {http://blanu.net/Dust.pdf}
}

@misc{c-dynaweb,
  author =       {{Dynamic Internet Technology Inc.}},
  title =        {{D}yna{W}eb},
  howpublished = {Proxy service},
  url =          {http://www.dit-inc.us/dynaweb},
  year =         2002
}

@book{c-howto-book,
  author =       {Freerk Ohling and Seth Schoen and {adam or aco} and
                  others},
  title =        {{How to Bypass Internet Censorship}},
  publisher =    {FLOSS Manuals},
  year =         2011,
  url =          {http://en.flossmanuals.net/bypassing-censorship/}
}

@inproceedings{c-infranet,
  author =       {Nick Feamster and Magdalena Balazinska and Greg
                  Harfst and Hari Balakrishnan and David Karger},
  title =        {{Infranet: Circumventing Web Censorship and
                  Surveillance}},
  booktitle =    {Proceedings of the 11th USENIX Security Symposium},
  pages =        {247--262},
  year =         2002,
  url =          {http://www.usenix.org/events/sec02/feamster.html}
}

@inproceedings{c-morph,
  author =       {Charles Wright and Scout Coulls and Fabian Monrose},
  title =        {{Traffic Morphing: An efficient defense against
                  statistical traffic analysis}},
  booktitle =    {Proceedings of the 16th Annual Network and
                  Distributed Systems Symposium},
  year =         2009,
  url =          {http://www.isoc.org/isoc/conferences/ndss/09/pdf/14.pdf}
}

@article{c-netcamo,
  author =       {Yong Guan and Xinwen Fu and Dong Xuan and Prashanth
                  Umesh Shenoy and Riccardo Bettati and Wei Zhao},
  title =        {{NetCamo: Camouflaging Network Traffic for
                  QoS-Guaranteed Mission Critical Applications}},
  journal =      {IEEE Transactions on Systems, Man, and Cybernetics},
  year =         2001,
  volume =       31,
  number =       4,
  pages =        {253--265},
  doi =          {10.1109/3468.935042}
}

@misc{c-peacefire,
  author =       {Bennett Haselton and others},
  title =        {{Peacefire: Open Access for the Net Generation}},
  howpublished = {Web site},
  year =         {1995--2012},
  url =          {http://www.peacefire.org/info/about-peacefire.shtml}
}

@misc{c-privoxy,
  author =       {Fabian Keil and others},
  title =        {{Privoxy: a privacy enhancing web proxy}},
  year =         2002,
  url =          {http://www.privoxy.org/}
}

@misc{c-random-pipe,
  author =       {Mike Perry},
  title =        {{Experimental Defense for Website Traffic
                  Fingerprinting}},
  howpublished = {Tor Project official blog},
  year =         2011,
  url =          {https://blog.torproject.org/blog/experimental-defense-website-traffic-fingerprinting}
}

@inproceedings{c-rendezvous,
  author =       {Patrick Lincoln and Ian Mason and Phillip Porras and
                  Vinod Yegneswaran and Zachary Weinberg and Jeroen
                  Massar and William Allen Simpson and Paul Vixie and
                  Dan Boneh},
  title =        {{Bootstrapping Communications into an
                  Anti-Censorship System}},
  booktitle =    {2nd USENIX Workshop on Free and Open Communications
                  on the Internet},
  year =         2012,
  url =          {https://www.usenix.org/conference/foci12/bootstrapping-communications-anti-censorship-system}
}

@techreport{c-skypemorph,
  author =       {Hooman Mohajeri Moghaddam and Baiyu Li and Mohammad
                  Derakhshani and Ian Goldberg},
  title =        {{SkypeMorph: Protocol Obfuscation for Tor Bridges}},
  institution =  {University of Waterloo},
  year =         2012,
  url =          {http://cacr.uwaterloo.ca/techreports/2012/cacr2012-08.pdf}
}

@inproceedings{c-telex,
  author =       {Eric Wustrow and Scott Wolchok and Ian Goldberg and
                  J. Alex Halderman},
  title =        {{Telex: Anticensorship in the Network
                  Infrastructure}},
  booktitle =    {Proceedings of the 20th USENIX Security Symposium},
  pages =        {459--473},
  year =         2011,
  url =          {http://www.usenix.org/events/sec11/tech/full_papers/Wustrow.pdf}
}

@techreport{c-tool-eval,
  author =       {Hal Roberts and Ethan Zuckerman and John Palfrey},
  title =        {{2011 Circumvention Tool Evaluation}},
  institution =  {Berkman Center for Internet and Society},
  year =         2011,
  url =          {http://cyber.law.harvard.edu/publications/2011/2011_Circumvention_Tool_Evaluation}
}

@inproceedings{c-tor,
  author =       {Roger Dingledine and Nick Mathewson and Paul
                  Syverson},
  title =        {{Tor: The Second-Generation Onion Router}},
  booktitle =    {Proceedings of the 13th USENIX Security Symposium},
  year =         2004,
  pages =        {303--320},
  url =          {http://www.usenix.org/events/sec04/tech/dingledine.html}
}

@techreport{c-tor-br,
  author =       {Roger Dingledine and Nick Mathewson},
  title =        {{Design of a blocking-resistant anonymity system}},
  institution =  {The Tor Project},
  year =         2006,
  url =          {https://svn.torproject.org/svn/projects/design-paper/blocking.pdf}
}

@misc{c-torsocks,
  author =       {Robert Hogan and others},
  title =        {{Torsocks: use SOCKS-friendly applications with
                  Tor}},
  howpublished = {Software},
  year =         2009,
  url =          {http://code.google.com/p/torsocks}
}

@inproceedings{c-ugc,
  author =       {Sam Burnett and Nick Feamster and Santosh Vempala},
  title =        {{Chipping Away at Censorship Firewalls with
                  User-Generated Content}},
  booktitle =    {Proceedings of the 19th USENIX Security Symposium},
  pages =        {453--468},
  year =         2010,
  url =          {http://www.usenix.org/events/sec10/tech/full_papers/Burnett.pdf}
}

@misc{c-ultrasurf,
  author =       {{UltraReach Internet Corp.}},
  title =        {{Ultrasurf}},
  howpublished = {Proxy service},
  year =         2001,
  url =          {http://www.ultrasurf.us/}
}

@misc{d-alexa,
  author =       {Alexa},
  title =        {{Top Sites by Category}},
  howpublished = {Data set},
  year =         2011,
  url =          {http://www.alexa.com/topsites/category}
}

@misc{d-caida,
  author =       {claffy, kc and Dan Andersen and Paul Hick},
  title =        {{The CAIDA Anonymized Internet Traces --- Equinix,
                  Chicago, 17 Feb 2011}},
  howpublished = {Data set},
  year =         2011,
  url =          {http://www.caida.org/data/passive/passive_2011_dataset.xml}
}

@article{n-china-2005,
  author =       {Bambauer, Derek E. and Deibert, Ronald J. and
                  Palfrey Jr., John G. and Rohozinski, Rafal and
                  Villeneuve, Nart and Zittrain, Jonathan},
  title =        {{Internet Filtering in China in 2004--2005: A
                  Country Study}},
  journal =      {SSRN eLibrary},
  year =         2005,
  url =          {http://ssrn.com/paper=706681}
}

@misc{n-china-active,
  author =       {Tim Wilde},
  title =        {{Knock Knock Knockin' on Bridges' Doors}},
  howpublished = {Tor Project official blog},
  year =         2012,
  url =          {https://blog.torproject.org/blog/knock-knock-knockin-bridges-doors}
}

@inproceedings{n-china-rsts,
  author =       {Richard Clayton and Steven J. Murdoch and Robert
                  N. M. Watson},
  title =        {{Ignoring the Great Firewall of China}},
  booktitle =    {Privacy Enhancing Technologies},
  series =       {Lecture Notes in Computer Science},
  pages =        {20--35},
  volume =       4258,
  year =         2006,
  url =          {http://www.cl.cam.ac.uk/~rnc1/ignoring.pdf}
}

@misc{n-global,
  author =       {Ronald J. Deibert and John Palfrey and Rafal
                  Rohozinski and Jonathan Zittrain},
  title =        {{Global Internet Filtering Map and Regional
                  Summaries}},
  institution =  {OpenNet Initiative},
  year =         2011,
  url =          {http://map.opennet.net/}
}

@article{n-greendam,
  author =       {Vivian Yeo},
  title =        {{Green Dam enforcement watered down}},
  journal =      {ZDNet Asia},
  month =        {October},
  year =         2009,
  url =          {http://www.zdnetasia.com/green-dam-enforcement-watered-down-62058509.htm},
}

@misc{n-iran-ob,
  author =       {Roger Dingledine},
  title =        {{Obfsproxy: the next step in the censorship arms
                  race}},
  howpublished = {Tor Project official blog},
  year =         2012,
  url =          {https://blog.torproject.org/blog/obfsproxy-next-step-censorship-arms-race}
}

@misc{n-iran1,
  author =       {Nick Mathewson},
  title =        {{Tor and Circumvention: Lessons Learned}},
  howpublished = {Invited talk at the 4th USENIX Workshop on
                  Large-Scale Exploits and Emergent Threats (LEET)},
  year =         2011,
  url =          {http://www.usenix.org/event/leet11/tech/slides/mathewson.pdf}
}

@misc{n-iran2,
  author =       {Roger Dingledine},
  title =        {{Iran blocks Tor; Tor releases same-day fix}},
  howpublished = {Tor Project official blog},
  year =         2011,
  url =          {https://blog.torproject.org/blog/iran-blocks-tor-tor-releases-same-day-fix}
}

@misc{n-iran3,
  author =       {Monroe Price and Mahmood Enayat and others},
  title =        {{Persian cyberspace report: internet blackouts
                  across Iran}},
  howpublished = {Iran Media Program news bulletin},
  year =         2012,
  url =          {http://iranmediaresearch.com/en/blog/101/12/02/09/840}
}

@misc{n-penet,
  author =       {Ron Newman},
  title =        {{The Church of Scientology vs. anon.penet.fi}},
  howpublished = {Web page},
  year =         1996,
  url =          {http://www.spaink.net/cos/rnewman/anon/penet.html}
}

@article{n-syria1,
  author =       {Oliver Laurelli},
  title =        {{\#OpSyria: Web censorship technologies in Syria
                  revealed}},
  journal =      {Reflets},
  month =        {August},
  year =         2011,
  url =          {http://reflets.info/opsyria-web-censorship-technologies-in-syria-revealed-en/}
}

@article{n-syria2,
  author =       {redaction},
  title =        {{Bluecoat's role in Syrian censorship and nationwide
                  monitoring system}},
  journal =      {Reflets},
  month =        {September},
  year =         2011,
  url =          {http://reflets.info/bluecoats-role-in-syrian-censorship-and-nationwide-monitoring-system/}
}

@misc{p-dingledine,
  author =       {Roger Dingledine},
  title =        {{Personal communication}},
  year =         2011
}

@misc{q-celine,
  author =       {Hagbard Celine},
  howpublished = {Quoted in \textit{Leviathan}, Robert Shea and Robert
                  Anton Wilson, Dell Publishing},
  year =         1975,
}

@misc{q-gilmore,
  author =       {John Gilmore},
  howpublished = {Quoted in ``First Nation in Cyberspace'' by Philip
                  Elmer-Dewitt. \textit{TIME Magazine}},
  month =        {December},
  year =         1993
}

@misc{q-ross,
  author =       {Alec Ross},
  howpublished = {Quoted in ``Hillary Clinton adviser compares
                  Internet to Che Guevara'' by Josh
                  Halliday. \textit{The Guardian}},
  month =        {June},
  year =         2011,
  url =          {http://www.guardian.co.uk/media/2011/jun/22/hillary-clinton-adviser-alec-ross}
}

@inproceedings{s-ah-pksteg,
  author =       {Luis von Ahn and Nicholas J. Hopper},
  title =        {{Public-Key Steganography}},
  booktitle =    {Advances in Cryptology --- EUROCRYPT},
  series =       {Lecture Notes in Computer Science},
  pages =        {323--341},
  volume =       3027,
  year =         2004,
  doi =          {10.1007/978-3-540-24676-3_20}
}

@inproceedings{s-ah-pssteg,
  author =       {Nicholas J. Hopper and John Langford and Luis von
                  Ahn},
  title =        {{Provably Secure Steganography}},
  booktitle =    {Advances in Cryptology --- CRYPTO},
  series =       {Lecture Notes in Computer Science},
  pages =        {119--123},
  volume =       2442,
  year =         2002,
  doi =          {10.1007/3-540-45708-9_6}
}

@misc{s-anon-terms,
  author =       {Andreas Pfitzmann and Marit Hansen},
  title =        {{A terminology for talking about privacy by data
                  minimization: Anonymity, Unlinkability,
                  Undetectability, Unobservability, Pseudonymity, and
                  Identity Management}},
  year =         2010,
  note =         {v0.34},
  url =          {http://dud.inf.tu-dresden.de/literatur/Anon\_Terminology\_v0.34.pdf},
}

@article{s-authenc,
  author =       {Mihir Bellare and Chanathip Namprempre},
  title =        {{Authenticated Encryption: Relations among Notions
                  and Analysis of the Generic Composition Paradigm}},
  journal =      {J. Cryptology},
  volume =       21,
  number =       4,
  year =         2008,
  pages =        {469--491},
  doi =          {10.1007/s00145-008-9026-x}
}

@misc{s-base64,
  author =       {Simon Josefsson},
  title =        {{The Base16, Base32, and Base64 Data Encodings}},
  howpublished = {RFC 4648},
  year =         2006,
  url =          {http://tools.ietf.org/html/rfc4648}
}

@article{s-boxplot,
  author =       {Robert McGill and John W. Tukey and Wayne A. Larsen},
  title =        {{Variations of Box Plots}},
  journal =      {The American Statistician},
  year =         1978,
  volume =       32,
  number =       1,
  pages =        {12--16},
  url =          {http://www.jstor.org/pss/2683468}
}

@misc{s-cookie-syntax,
  author =       {D. Kristol and L. Montulli},
  title =        {{HTTP State Management Mechanism}},
  howpublished = {RFC 2109},
  year =         1997,
  url =          {http://tools.ietf.org/html/rfc2109}
}

@incollection{s-dhies,
  author =       {Michel Abdalla and Mihir Bellare and Phillip
                  Rogaway},
  title =        {{The Oracle Diffie-Hellman Assumptions and an
                  Analysis of DHIES}},
  booktitle =    {Topics in Cryptology --- CT-RSA},
  series =       {Lecture Notes in Computer Science},
  pages =        {143--158},
  volume =       2020,
  year =         2001,
  doi =          {10.1007/3-540-45353-9_12}
}

@incollection{s-ec-elgamal,
  author =       {Schroeppel, Richard and Orman, Hilarie and O'Malley,
                  Sean and Spatscheck, Oliver},
  title =        {{Fast Key Exchange with Elliptic Curve Systems}},
  booktitle =    {Advances in Cryptology},
  series =       {Lecture Notes in Computer Science},
  pages =        {43--56},
  volume =       963,
  year =         1995,
  url =          {http://citeseerx.ist.psu.edu/viewdoc/download?doi=10.1.1.30.9135&rep=rep1&type=pdf}
}

@misc{s-fips186-2,
  author =       {NIST},
  title =        {{Digital Signature Standard}},
  howpublished = {FIPS 186-2},
  year =         2000,
  url =          {http://csrc.nist.gov/publications/fips/archive/fips186-2/fips186-2.pdf}
}

@manual{s-flash,
  author =       {{Adobe Systems Incorporated}},
  title =        {{SWF File Format Specification (version 10)}},
  year =         2008,
  url =          {https://www.adobe.com/devnet/swf.html}
}

@misc{s-gcm,
  author =       {Morris Dworkin},
  title =        {{Recommendation for Block Cipher Modes of Operation:
                  Galois/Counter Mode (GCM) and GMAC}},
  howpublished = {NIST Special Publication 800-38D},
  year =         2007,
  url =          {http://csrc.nist.gov/publications/nistpubs/800-38D/SP-800-38D.pdf}
}

@book{s-ggplot2,
  author =       {Hadley Wickham},
  title =        {{ggplot2: elegant graphics for data analysis}},
  publisher =    {Springer New York},
  year =         2009,
  isbn =         {978-0-387-98140-6},
  url =          {http://had.co.nz/ggplot2/book},
}

@misc{s-hkdf1,
  author =       {Hugo Krawczyk},
  title =        {{Cryptographic Extraction and Key Derivation: The
                  HKDF Scheme}},
  howpublished = {Cryptology ePrint Archive, Report 2010/264},
  year =         2010,
  url =          {http://eprint.iacr.org/2010/264}
}

@misc{s-hkdf2,
  author =       {Hugo Krawczyk and Pasi Eronen},
  title =        {{HMAC-based Extract-and-Expand Key Derivation
                  Function (HKDF)}},
  howpublished = {RFC 5869},
  year =         2010,
  url =          {http://tools.ietf.org/html/rfc5869}
}

@misc{s-http,
  author =       {R. Fielding and Jim Gettys and J. Mogul and
                  H. Frystyk and L. Masinter and P. Leach and Tim
                  Berners-Lee},
  title =        {{Hypertext Transfer Protocol --- HTTP/1.1}},
  howpublished = {RFC 2616},
  year =         1999,
  url =          {http://tools.ietf.org/html/rfc2616}
}

@inproceedings{s-moller,
  author =       {Bodo M{\"o}ller},
  title =        {{A Public-Key Encryption Scheme with Pseudo-random
                  Ciphertexts}},
  booktitle =    {Computer Security --- ESORICS},
  series =       {Lecture Notes in Computer Science},
  pages =        {335--351},
  volume =       3193,
  year =         2004,
  url =          {http://www.bmoeller.de/pdf/pke-pseudo-esorics2004.pdf}
}

@InProceedings{s-netem,
  author =       {Stephen Hemminger},
  title =        {{Network Emulation with NetEm}},
  booktitle =    {linux.conf.au},
  year =         2005,
  url =         {http://citeseerx.ist.psu.edu/viewdoc/download?doi=10.1.1.67.1687&rep=rep1&type=pdf}
}

@inproceedings{s-noncephil,
  author =       {Phillip Rogaway},
  title =        {{Nonce-Based Symmetric Encryption}},
  booktitle =    {Fast Software Encryption},
  series =       {Lecture Notes in Computer Science},
  pages =        {348--359},
  volume =       3017,
  year =         2004,
  url =          {http://citeseerx.ist.psu.edu/viewdoc/download?doi=10.1.1.76.2964&rep=rep1&type=pdf}
}

@misc{s-pipeline,
  author =       {Mark Nottingham},
  title =        {{Making HTTP Pipelining Usable on the Open Web}},
  howpublished = {Internet-Draft},
  year =         2011,
  url =          {http://tools.ietf.org/html/draft-nottingham-http-pipeline}
}

@manual{s-r,
  author =       {{R Development Core Team}},
  title =        {{R: A Language and Environment for Statistical
                  Computing}},
  organization = {R Foundation for Statistical Computing},
  address =      {Vienna, Austria},
  year =         2011,
  isbn =         {3-900051-07-0},
  url =          {http://www.R-project.org/}
}

@misc{s-socks,
  author =       {Marcus Leech and Matt Ganis and Ying-Da Lee and Ron
                  Kuris and David Koblas and LaMont Jones},
  title =        {{SOCKS Protocol Version 5}},
  howpublished = {RFC 1928},
  year =         1996,
  url =          {http://tools.ietf.org/html/rfc1928}
}

@article{s-sts,
  author =       {Diffie, Whitfield and Oorschot, Paul C. and Wiener,
                  Michael J.},
  title =        {{Authentication and authenticated key exchanges}},
  journal =      {Designs, Codes and Cryptography},
  pages =        {107--125},
  volume =       2,
  issue =        2,
  year =         1992,
  url =          {http://sites.google.com/site/michaeljameswiener/STS.pdf}
}

@misc{s-tls1,
  author =       {T. Dierks and C. Allen},
  title =        {{The TLS Protocol, Version 1.0}},
  howpublished = {RFC 2246},
  year =         1999,
  url =          {http://tools.ietf.org/html/rfc2246}
}

@misc{s-tor,
  author =       {Roger Dingledine and Nick Mathewson},
  title =        {{Tor Protocol Specification}},
  howpublished = {The Tor Project},
  year =         {2003--2011},
  url =          {https://gitweb.torproject.org/torspec.git/blob/84ec5aca5f5735f445840f6f574842b71365bbde:/tor-spec.txt}
}

@misc{s-tor-bridge,
  author =       {Roger Dingledine},
  title =        {{Behavior for bridge users, bridge relays, and bridge
                  authorities}},
  howpublished = {Tor Proposal \#125},
  year =         2007,
  url =          {https://gitweb.torproject.org/torspec.git/blob/HEAD:/proposals/125-bridges.txt}
}

@misc{s-tor-plugtrans,
  author =       {Nick Mathewson},
  title =        {{Pluggable Transports for Circumvention}},
  howpublished = {Tor Proposal \#180},
  year =         {2010--2011},
  url =          {https://gitweb.torproject.org/torspec.git/blob/HEAD:/proposals/180-pluggable-transport.txt}
}

@misc{s-uri-syntax,
  author =       {Tim Berners-Lee and R. Fielding and L. Masinter},
  title =        {{Uniform Resource Identifiers (URI): Generic
                  Syntax}},
  howpublished = {RFC 2396},
  year =         1998,
  url =          {http://tools.ietf.org/html/rfc2396}
}

