@inproceedings{Aase2012,
  title =        {{Whiskey, Weed, and Wukan on the World Wide Web: On
                  Measuring Censors' Resources and Motivations}},
  author =       {Aase, Nicholas and Crandall, Jedidiah R. and
                  D\'{i}az, \'{A}lvaro and Knockel, Jeffrey and
                  Molinero, Jorge Oca\~{n}a and Saia, Jared and
                  Wallach, Dan and Zhu, Tao},
  booktitle =    {Free and Open Communications on the Internet},
  year =         2012,
  url =
    {https://www.usenix.org/system/files/conference/foci12/foci12-final17.pdf},
}

@inproceedings{Cai:2012,
  author =       {Cai, Xiang and Zhang, Xin Cheng and Joshi, Brijesh
                  and Johnson, Rob},
  title =        {{Touching from a Distance: Website Fingerprinting
                  Attacks and Defenses}},
  booktitle =    {ACM conference on Computer and Communications
                  Security},
  year =         2012,
  url =          {http://www.cs.stonybrook.edu/~xcai/fp.pdf}
}

@Misc{Mathewson2011,
  title =        {Tor and circumvention: lessons learned},
  author =       {Nick Mathewson},
  howpublished = {Invited talk at the 4th USENIX Workshop on
                  Large-Scale Exploits and Invited Threats},
  year =         2011,
  url =         {http://www.usenix.org/event/leet11/tech/slides/mathewson.pdf},
}

@inproceedings{Liberatore:2006,
  title =        {{Inferring the Source of Encrypted HTTP
                  Connections}},
  author =       {Marc Liberatore and Brian Neil Levine},
  booktitle =    {ACM conference on Computer and Communications
                  Security},
  year =         2006,
  url =         {http://prisms.cs.umass.edu/brian/pubs/liberatore.ccs2006.pdf},
}

@inproceedings{ccs2012-stegotorus,
  title =        {{StegoTorus: A Camouflage Proxy for the Tor
                  Anonymity System}},
  author =       {Zachary Weinberg and Jeffrey Wang and Vinod
                  Yegneswaran and Linda Briesemeister and Steven
                  Cheung and Frank Wang and Dan Boneh},
  booktitle =    {ACM conference on Computer and Communications
                  Security},
  year =         2012,
  url =          {http://www.owlfolio.org/media/2010/05/stegotorus.pdf},
}

@inproceedings{ccsw09-fingerprinting,
  title =        {Website fingerprinting: attacking popular privacy
                  enhancing technologies with the multinomial
                  na\"{\i}ve-bayes classifier},
  author =       {Dominik Herrmann and Rolf Wendolsky and Hannes
                  Federrath},
  booktitle =    {2009 ACM workshop on Cloud computing security},
  year =         2009,
  url =      {http://epub.uni-regensburg.de/11919/1/authorsversion-ccsw09.pdf},
}

@article{chaum-mix,
  title =        {Untraceable electronic mail, return addresses, and
                  digital pseudonyms},
  author =       {David Chaum},
  journal =      {Communications of the ACM},
  volume =       24,
  number =       2,
  year =         1981,
  url =          {http://www.ovmj.org/GNUnet/papers/p84-chaum.pdf},
}

@inproceedings{hintz02,
  title =        {Fingerprinting Websites Using Traffic Analysis},
  author =       {Andrew Hintz},
  booktitle =    {Privacy Enhancing Technologies},
  year =         2002,
  url =          {http://guh.nu/projects/ta/safeweb/safeweb.pdf},
}

@inproceedings{oakland2012-peekaboo,
  title =        {{Peek-a-Boo, I Still See You: Why Efficient Traffic
                  Analysis Countermeasures Fail}},
  author =       {Kevin P. Dyer and Scott E. Coull and Thomas
                  Ristenpart and Thomas Shrimpton},
  booktitle =    {IEEE Symposium on Security and Privacy},
  year =         2012,
  url =          {http://kpdyer.com/publications/oakland2012.pdf},
}

@inproceedings{tor-design,
  title =        {{Tor: The Second-Generation Onion Router}},
  author =       {Roger Dingledine and Nick Mathewson and Paul
                  Syverson},
  booktitle =    {13th USENIX Security Symposium},
  year =         2004,
  url =   {https://svn.torproject.org/svn/projects/design-paper/tor-design.pdf},
}

@inproceedings{wpes11-panchenko,
  title =        {{Website Fingerprinting in Onion Routing Based
                  Anonymization Networks}},
  author =       {Andriy Panchenko and Lukas Niessen and Andreas
                  Zinnen and Thomas Engel},
  booktitle =    {Workshop on Privacy in the Electronic Society},
  year =         2011,
  url =   {http://lorre.uni.lu/~andriy/papers/acmccs-wpes11-fingerprinting.pdf},
}

